<?xml version="1.0" encoding="UTF-8"?>
<!DOCTYPE html PUBLIC "-//W3C//DTD XHTML 1.0 Transitional//EN"
    "http://www.w3.org/TR/xhtml1/DTD/xhtml1-transitional.dtd">
<html xmlns="http://www.w3.org/1999/xhtml" xml:lang="en" lang="en">
 <head>
  <title>
</title>
<meta http-equiv="Content-Type" content="text/html;charset=utf-8" />
  <meta name='ocr-system' content='tesseract 3.04.00' />
  <meta name='ocr-capabilities' content='ocr_page ocr_carea ocr_par ocr_line ocrx_word'/>
</head>
<body>
  <div class='ocr_page' id='page_1' title='image "arnoldilubecens00buchgoog_0110.png"; bbox 0 0 3075 4600; ppageno 0'>
   <div class='ocr_carea' id='block_1_1' title="bbox 800 260 1008 317">
    <p class='ocr_par' dir='ltr' id='par_1_1' title="bbox 800 260 1008 317">
     <span class='ocr_line' id='line_1_1' title="bbox 800 260 1008 317; baseline -0.043 -29"><span class='ocrx_word' id='word_1_1' title='bbox 800 260 1008 317; x_wconf 55' lang='lat'>*⁷2-</span> 
     </span>
    </p>
   </div>
   <div class='ocr_carea' id='block_1_2' title="bbox 586 405 1167 1851">
    <p class='ocr_par' dir='ltr' id='par_1_2' title="bbox 645 405 993 488">
     <span class='ocr_line' id='line_1_2' title="bbox 645 405 993 488; baseline -0.043 -8"><span class='ocrx_word' id='word_1_2' title='bbox 645 416 705 479; x_wconf 89' lang='lat' dir='ltr'>Sed</span> <span class='ocrx_word' id='word_1_3' title='bbox 726 413 800 475; x_wconf 84' lang='lat' dir='ltr'>data</span> <span class='ocrx_word' id='word_1_4' title='bbox 820 410 875 471; x_wconf 83' lang='lat' dir='ltr'>fuit</span> <span class='ocrx_word' id='word_1_5' title='bbox 895 405 993 488; x_wconf 73' lang='lat' dir='ltr'>optio,</span> 
     </span>
    </p>

    <p class='ocr_par' dir='ltr' id='par_1_3' title="bbox 646 511 1074 593">
     <span class='ocr_line' id='line_1_3' title="bbox 646 511 1074 593; baseline -0.037 -12"><span class='ocrx_word' id='word_1_6' title='bbox 646 531 681 583; x_wconf 88' lang='lat' dir='ltr'>vt</span> <span class='ocrx_word' id='word_1_7' title='bbox 700 516 756 579; x_wconf 75' lang='lat' dir='ltr'>ssoi</span> <span class='ocrx_word' id='word_1_8' title='bbox 774 511 813 577; x_wconf 67' lang='lat' dir='ltr'>iu&#39;</span> <span class='ocrx_word' id='word_1_9' title='bbox 826 511 966 593; x_wconf 77' lang='lat' dir='ltr'>coniugio</span> <span class='ocrx_word' id='word_1_10' title='bbox 1070 560 1074 565; x_wconf 86' lang='grc'><em>,</em></span> 
     </span>
    </p>

    <p class='ocr_par' dir='ltr' id='par_1_4' title="bbox 647 612 1077 701">
     <span class='ocr_line' id='line_1_4' title="bbox 647 612 1077 701; baseline -0.03 -15"><span class='ocrx_word' id='word_1_11' title='bbox 647 625 753 696; x_wconf 68' lang='lat' dir='ltr'>vuum,</span> <span class='ocrx_word' id='word_1_12' title='bbox 774 638 865 701; x_wconf 87' lang='lat' dir='ltr'>quem</span> <span class='ocrx_word' id='word_1_13' title='bbox 886 615 956 678; x_wconf 88' lang='lat' dir='ltr'>velit</span> <span class='ocrx_word' id='word_1_14' title='bbox 977 612 1077 693; x_wconf 76' lang='lat' dir='ltr'>eligat,</span> 
     </span>
    </p>

    <p class='ocr_par' dir='ltr' id='par_1_5' title="bbox 586 721 1057 908">
     <span class='ocr_line' id='line_1_5' title="bbox 646 721 1057 809; baseline -0.034 -17"><span class='ocrx_word' id='word_1_15' title='bbox 646 728 679 791; x_wconf 86' lang='lat' dir='ltr'>in</span> <span class='ocrx_word' id='word_1_16' title='bbox 699 746 761 809; x_wconf 87' lang='lat' dir='ltr'>quo</span> <span class='ocrx_word' id='word_1_17' title='bbox 781 724 838 787; x_wconf 74' lang='lat' dir='ltr'>sibi</span> <span class='ocrx_word' id='word_1_18' title='bbox 860 721 1057 801; x_wconf 76' lang='lat' dir='ltr'>complaceat.</span> 
     </span>
     <span class='ocr_line' id='line_1_6' title="bbox 586 822 1010 908; baseline -0.028 -12"><span class='ocrx_word' id='word_1_19' title='bbox 586 863 636 904; x_wconf 67' lang='lat' dir='ltr'>xm</span> <span class='ocrx_word' id='word_1_20' title='bbox 648 832 766 896; x_wconf 85' lang='lat' dir='ltr'>Exinde</span> <span class='ocrx_word' id='word_1_21' title='bbox 787 822 1010 908; x_wconf 79' lang='lat' dir='ltr'>dssigentissime</span> 
     </span>
    </p>

    <p class='ocr_par' dir='ltr' id='par_1_6' title="bbox 648 930 1072 1015">
     <span class='ocr_line' id='line_1_7' title="bbox 648 930 1072 1015; baseline -0.038 -14"><span class='ocrx_word' id='word_1_22' title='bbox 648 948 748 1000; x_wconf 88' lang='lat' dir='ltr'>mente</span> <span class='ocrx_word' id='word_1_23' title='bbox 769 934 850 1015; x_wconf 84' lang='lat' dir='ltr'>cepit</span> <span class='ocrx_word' id='word_1_24' title='bbox 871 930 1032 1001; x_wconf 87' lang='lat' dir='ltr'>reuoluere,</span> <span class='ocrx_word' id='word_1_25' title='bbox 1069 947 1072 953; x_wconf 87' lang='lat'><em>·</em></span> 
     </span>
    </p>

    <p class='ocr_par' dir='ltr' id='par_1_7' title="bbox 649 1033 965 1114">
     <span class='ocr_line' id='line_1_8' title="bbox 649 1033 965 1114; baseline -0.035 -9"><span class='ocrx_word' id='word_1_26' title='bbox 649 1042 698 1105; x_wconf 88' lang='lat' dir='ltr'>cui</span> <span class='ocrx_word' id='word_1_27' title='bbox 717 1042 848 1103; x_wconf 86' lang='lat' dir='ltr'>dabatur</span> <span class='ocrx_word' id='word_1_28' title='bbox 868 1033 965 1114; x_wconf 87' lang='lat' dir='ltr'>copia,</span> 
     </span>
    </p>

    <p class='ocr_par' dir='ltr' id='par_1_8' title="bbox 648 1138 953 1220">
     <span class='ocr_line' id='line_1_9' title="bbox 648 1138 953 1220; baseline -0.039 -10"><span class='ocrx_word' id='word_1_29' title='bbox 648 1166 688 1210; x_wconf 90' lang='lat' dir='ltr'>ne</span> <span class='ocrx_word' id='word_1_30' title='bbox 706 1155 823 1207; x_wconf 78' lang='lat' dir='ltr'><strong>arcetur</strong></span> <span class='ocrx_word' id='word_1_31' title='bbox 843 1138 953 1220; x_wconf 77' lang='lat' dir='ltr'>inopia,</span> 
     </span>
    </p>

    <p class='ocr_par' dir='ltr' id='par_1_9' title="bbox 588 1240 1150 1424">
     <span class='ocr_line' id='line_1_10' title="bbox 650 1240 1150 1321; baseline -0.03 -9"><span class='ocrx_word' id='word_1_32' title='bbox 650 1252 722 1312; x_wconf 87' lang='lat' dir='ltr'>dum</span> <span class='ocrx_word' id='word_1_33' title='bbox 741 1247 836 1309; x_wconf 85' lang='lat' dir='ltr'>cernit</span> <span class='ocrx_word' id='word_1_34' title='bbox 855 1246 936 1305; x_wconf 87' lang='lat' dir='ltr'>huuc</span> <span class='ocrx_word' id='word_1_35' title='bbox 955 1240 1150 1321; x_wconf 76' lang='lat' dir='ltr'><strong>spectabilem</strong></span> 
     </span>
     <span class='ocr_line' id='line_1_11' title="bbox 588 1345 1043 1424; baseline -0.022 -9"><span class='ocrx_word' id='word_1_36' title='bbox 588 1385 641 1424; x_wconf 72' lang='lat'>2⁴⁰⁰</span> <span class='ocrx_word' id='word_1_37' title='bbox 653 1367 755 1417; x_wconf 86' lang='lat' dir='ltr'>tamen</span> <span class='ocrx_word' id='word_1_38' title='bbox 777 1350 884 1412; x_wconf 84' lang='lat' dir='ltr'>virtute</span> <span class='ocrx_word' id='word_1_39' title='bbox 904 1345 1043 1409; x_wconf 84' lang='lat' dir='ltr'>debilem.</span> 
     </span>
    </p>

    <p class='ocr_par' dir='ltr' id='par_1_10' title="bbox 651 1450 978 1533">
     <span class='ocr_line' id='line_1_12' title="bbox 651 1450 978 1533; baseline -0.04 -11"><span class='ocrx_word' id='word_1_40' title='bbox 651 1461 735 1521; x_wconf 85' lang='lat' dir='ltr'>Alter</span> <span class='ocrx_word' id='word_1_41' title='bbox 756 1467 802 1518; x_wconf 85' lang='lat' dir='ltr'>est</span> <span class='ocrx_word' id='word_1_42' title='bbox 822 1450 978 1533; x_wconf 86' lang='lat' dir='ltr'>potencior</span> 
     </span>
    </p>

    <p class='ocr_par' dir='ltr' id='par_1_11' title="bbox 650 1554 1005 1639">
     <span class='ocr_line' id='line_1_13' title="bbox 650 1554 1005 1639; baseline -0.039 -12"><span class='ocrx_word' id='word_1_43' title='bbox 650 1565 746 1626; x_wconf 78' lang='lat' dir='ltr'>sonna</span> <span class='ocrx_word' id='word_1_44' title='bbox 763 1562 855 1639; x_wconf 77' lang='lat' dir='ltr'>longe</span> <span class='ocrx_word' id='word_1_45' title='bbox 876 1554 1005 1627; x_wconf 81' lang='lat' dir='ltr'>inferior,</span> 
     </span>
    </p>

    <p class='ocr_par' dir='ltr' id='par_1_12' title="bbox 652 1657 1052 1747">
     <span class='ocr_line' id='line_1_14' title="bbox 652 1657 1052 1747; baseline -0.035 -16"><span class='ocrx_word' id='word_1_46' title='bbox 652 1671 697 1731; x_wconf 90' lang='lat' dir='ltr'>sic</span> <span class='ocrx_word' id='word_1_47' title='bbox 717 1668 846 1747; x_wconf 79' lang='lat' dir='ltr'>ignorat,</span> <span class='ocrx_word' id='word_1_48' title='bbox 868 1660 941 1740; x_wconf 88' lang='lat' dir='ltr'>quid</span> <span class='ocrx_word' id='word_1_49' title='bbox 960 1657 1052 1737; x_wconf 74' lang='lat' dir='ltr'>eligat</span> 
     </span>
    </p>

    <p class='ocr_par' dir='ltr' id='par_1_13' title="bbox 654 1764 1167 1851">
     <span class='ocr_line' id='line_1_15' title="bbox 654 1764 1167 1851; baseline -0.043 -14"><span class='ocrx_word' id='word_1_50' title='bbox 654 1774 710 1837; x_wconf 85' lang='lat' dir='ltr'>sed</span> <span class='ocrx_word' id='word_1_51' title='bbox 726 1790 807 1851; x_wconf 73' lang='lat' dir='ltr'>vaga</span> <span class='ocrx_word' id='word_1_52' title='bbox 828 1776 929 1829; x_wconf 85' lang='lat' dir='ltr'>mente</span> <span class='ocrx_word' id='word_1_53' title='bbox 947 1764 1078 1824; x_wconf 84' lang='lat' dir='ltr'>fluctuat.</span> <span class='ocrx_word' id='word_1_54' title='bbox 1163 1806 1167 1815; x_wconf 87' lang='lat'><strong>.</strong></span> 
     </span>
    </p>
   </div>
   <div class='ocr_carea' id='block_1_3' title="bbox 593 1867 1160 1952">
    <p class='ocr_par' dir='ltr' id='par_1_14' title="bbox 593 1852 1277 1952">
     <span class='ocr_line' id='line_1_16' title="bbox 593 1867 1160 1952; baseline -0.042 -5"><span class='ocrx_word' id='word_1_55' title='bbox 593 1878 796 1948; x_wconf 71' lang='lat' dir='ltr'>aos&#39;l&#39;andem</span> <span class='ocrx_word' id='word_1_56' title='bbox 816 1870 948 1952; x_wconf 84' lang='lat' dir='ltr'>cupitam</span> <span class='ocrx_word' id='word_1_57' title='bbox 967 1867 1068 1947; x_wconf 84' lang='lat' dir='ltr'>sepius</span> <span class='ocrx_word' id='word_1_58' title='bbox 1155 1906 1160 1909; x_wconf 91' lang='lat'>-</span> 
     </span>
    </p>
   </div>
   <div class='ocr_carea' id='block_1_4' title="bbox 592 1971 1194 3307">
    <p class='ocr_par' dir='ltr' id='par_1_15' title="bbox 602 1971 1108 2270">
     <span class='ocr_line' id='line_1_17' title="bbox 602 1971 1079 2052; baseline -0.036 -3"><span class='ocrx_word' id='word_1_59' title='bbox 602 2022 623 2051; x_wconf 65' lang='lat' dir='ltr'>a</span> <span class='ocrx_word' id='word_1_60' title='bbox 654 1976 932 2052; x_wconf 73' lang='lat' dir='ltr'>formam,revolvit</span> <span class='ocrx_word' id='word_1_61' title='bbox 951 1971 1079 2044; x_wconf 79' lang='lat' dir='ltr'>munus,</span> 
     </span>
     <span class='ocr_line' id='line_1_18' title="bbox 656 2076 1108 2152; baseline -0.04 0"><span class='ocrx_word' id='word_1_62' title='bbox 656 2107 715 2152; x_wconf 88' lang='lat' dir='ltr'>nec</span> <span class='ocrx_word' id='word_1_63' title='bbox 735 2088 808 2148; x_wconf 84' lang='lat' dir='ltr'>data</span> <span class='ocrx_word' id='word_1_64' title='bbox 828 2092 876 2146; x_wconf 84' lang='lat' dir='ltr'>est</span> <span class='ocrx_word' id='word_1_65' title='bbox 895 2076 1022 2142; x_wconf 75' lang='lat' dir='ltr'>obliuio</span> <span class='ocrx_word' id='word_1_66' title='bbox 1105 2090 1108 2093; x_wconf 74' lang='grc'><strong>’</strong></span> 
     </span>
     <span class='ocr_line' id='line_1_19' title="bbox 659 2183 994 2270; baseline -0.036 -15"><span class='ocrx_word' id='word_1_67' title='bbox 659 2196 698 2255; x_wconf 87' lang='lat' dir='ltr'>de</span> <span class='ocrx_word' id='word_1_68' title='bbox 715 2193 830 2257; x_wconf 85' lang='lat' dir='ltr'>dilecto·</span> <span class='ocrx_word' id='word_1_69' title='bbox 848 2183 994 2270; x_wconf 73' lang='lat' dir='ltr'>gregorio.</span> 
     </span>
    </p>

    <p class='ocr_par' dir='ltr' id='par_1_16' title="bbox 592 2287 1102 2481">
     <span class='ocr_line' id='line_1_20' title="bbox 655 2287 1102 2376; baseline -0.04 -13"><span class='ocrx_word' id='word_1_70' title='bbox 655 2302 748 2362; x_wconf 87' lang='lat' dir='ltr'>Hunc</span> <span class='ocrx_word' id='word_1_71' title='bbox 766 2294 858 2376; x_wconf 77' lang='lat' dir='ltr'>elegit</span> <span class='ocrx_word' id='word_1_72' title='bbox 878 2311 931 2374; x_wconf 89' lang='lat' dir='ltr'>pre</span> <span class='ocrx_word' id='word_1_73' title='bbox 952 2287 1102 2361; x_wconf 84' lang='lat' dir='ltr'>omnibus,</span> 
     </span>
     <span class='ocr_line' id='line_1_21' title="bbox 592 2394 1070 2481; baseline -0.036 -13"><span class='ocrx_word' id='word_1_74' title='bbox 592 2436 644 2476; x_wconf 61' lang='lat'>1⁴10</span> <span class='ocrx_word' id='word_1_75' title='bbox 656 2406 711 2469; x_wconf 86' lang='lat' dir='ltr'>sed</span> <span class='ocrx_word' id='word_1_76' title='bbox 730 2400 902 2481; x_wconf 79' lang='lat' dir='ltr'>congaudet</span> <span class='ocrx_word' id='word_1_77' title='bbox 921 2394 1070 2475; x_wconf 82' lang='lat' dir='ltr'>dyabolus</span> 
     </span>
    </p>

    <p class='ocr_par' dir='ltr' id='par_1_17' title="bbox 654 2499 992 2580">
     <span class='ocr_line' id='line_1_22' title="bbox 654 2499 992 2580; baseline -0.044 -6"><span class='ocrx_word' id='word_1_78' title='bbox 654 2507 831 2580; x_wconf 82' lang='lat' dir='ltr'>enormitate</span> <span class='ocrx_word' id='word_1_79' title='bbox 852 2499 992 2572; x_wconf 84' lang='lat' dir='ltr'>criminis,</span> 
     </span>
    </p>

    <p class='ocr_par' dir='ltr' id='par_1_18' title="bbox 657 2601 1039 2695">
     <span class='ocr_line' id='line_1_23' title="bbox 657 2601 1039 2695; baseline -0.037 -18"><span class='ocrx_word' id='word_1_80' title='bbox 657 2614 710 2695; x_wconf 84' lang='lat' dir='ltr'>qui</span> <span class='ocrx_word' id='word_1_81' title='bbox 729 2608 877 2694; x_wconf 84' lang='lat' dir='ltr'>perplexis</span> <span class='ocrx_word' id='word_1_82' title='bbox 898 2601 1039 2668; x_wconf 88' lang='lat' dir='ltr'>testiculis</span> 
     </span>
    </p>

    <p class='ocr_par' dir='ltr' id='par_1_19' title="bbox 660 2706 1194 2796">
     <span class='ocr_line' id='line_1_24' title="bbox 660 2706 1194 2796; baseline -0.043 -14"><span class='ocrx_word' id='word_1_83' title='bbox 660 2719 772 2782; x_wconf 79' lang='lat' dir='ltr'>crimen</span> <span class='ocrx_word' id='word_1_84' title='bbox 794 2723 920 2796; x_wconf 88' lang='lat' dir='ltr'>peccato</span> <span class='ocrx_word' id='word_1_85' title='bbox 940 2706 1081 2777; x_wconf 76' lang='lat' dir='ltr'>cumulat,</span> <span class='ocrx_word' id='word_1_86' title='bbox 1150 2707 1194 2748; x_wconf 81' lang='lat'>&#39;--</span> 
     </span>
    </p>

    <p class='ocr_par' dir='ltr' id='par_1_20' title="bbox 658 2817 996 2886">
     <span class='ocr_line' id='line_1_25' title="bbox 658 2817 996 2886; baseline -0.03 1"><span class='ocrx_word' id='word_1_87' title='bbox 658 2818 691 2886; x_wconf 81' lang='lat' dir='ltr'>tit</span> <span class='ocrx_word' id='word_1_88' title='bbox 712 2821 805 2885; x_wconf 83' lang='lat' dir='ltr'>alcius</span> <span class='ocrx_word' id='word_1_89' title='bbox 826 2817 996 2886; x_wconf 79' lang='lat' dir='ltr'>absorbeat,</span> 
     </span>
    </p>

    <p class='ocr_par' dir='ltr' id='par_1_21' title="bbox 597 2923 1181 3307">
     <span class='ocr_line' id='line_1_26' title="bbox 597 2923 1107 3010; baseline -0.051 -12"><span class='ocrx_word' id='word_1_90' title='bbox 597 2957 647 2998; x_wconf 76' lang='lat' dir='ltr'>uu</span> <span class='ocrx_word' id='word_1_91' title='bbox 659 2948 736 3010; x_wconf 88' lang='lat' dir='ltr'>quos</span> <span class='ocrx_word' id='word_1_92' title='bbox 756 2927 895 2990; x_wconf 86' lang='lat' dir='ltr'>incautos</span> <span class='ocrx_word' id='word_1_93' title='bbox 915 2923 1107 3001; x_wconf 79' lang='lat' dir='ltr'>perspexerat</span> 
     </span>
     <span class='ocr_line' id='line_1_27' title="bbox 660 3021 1076 3097; baseline -0.048 1"><span class='ocrx_word' id='word_1_94' title='bbox 660 3034 715 3097; x_wconf 88' lang='lat' dir='ltr'>sed</span> <span class='ocrx_word' id='word_1_95' title='bbox 734 3031 859 3094; x_wconf 86' lang='lat' dir='ltr'>tandem</span> <span class='ocrx_word' id='word_1_96' title='bbox 876 3029 950 3089; x_wconf 86' lang='lat' dir='ltr'>deus</span> <span class='ocrx_word' id='word_1_97' title='bbox 969 3021 1076 3082; x_wconf 76' lang='lat' dir='ltr'>lilserat</span> 
     </span>
     <span class='ocr_line' id='line_1_28' title="bbox 658 3127 1037 3212; baseline -0.04 -12"><span class='ocrx_word' id='word_1_98' title='bbox 658 3139 716 3200; x_wconf 86' lang='lat' dir='ltr'>hos</span> <span class='ocrx_word' id='word_1_99' title='bbox 735 3146 867 3198; x_wconf 75' lang='lat' dir='ltr'>errantes</span> <span class='ocrx_word' id='word_1_100' title='bbox 886 3127 1037 3212; x_wconf 82' lang='lat' dir='ltr'>propicius</span> 
     </span>
     <span class='ocr_line' id='line_1_29' title="bbox 660 3233 1181 3307; baseline -0.04 -1"><span class='ocrx_word' id='word_1_101' title='bbox 660 3240 738 3307; x_wconf 86' lang='lat' dir='ltr'>seuis</span> <span class='ocrx_word' id='word_1_102' title='bbox 759 3237 893 3302; x_wconf 83' lang='lat' dir='ltr'>contritis</span> <span class='ocrx_word' id='word_1_103' title='bbox 914 3233 1058 3296; x_wconf 84' lang='lat' dir='ltr'>saucibus.</span> <span class='ocrx_word' id='word_1_104' title='bbox 1176 3299 1181 3306; x_wconf 15' lang='grc' dir='ltr'><strong>Α</strong></span> 
     </span>
    </p>
   </div>
   <div class='ocr_carea' id='block_1_5' title="bbox 732 3417 1137 3506">
    <p class='ocr_par' dir='ltr' id='par_1_22' title="bbox 732 3417 1137 3506">
     <span class='ocr_line' id='line_1_30' title="bbox 732 3417 1137 3506; baseline -0.035 -16"><span class='ocrx_word' id='word_1_105' title='bbox 732 3425 961 3506; x_wconf 80' lang='lat' dir='ltr'>Capitulum</span> <span class='ocrx_word' id='word_1_106' title='bbox 982 3417 1108 3480; x_wconf 76' lang='lat' dir='ltr'>xxm</span> <span class='ocrx_word' id='word_1_107' title='bbox 1133 3427 1137 3433; x_wconf 88' lang='grc'><em>·</em></span> 
     </span>
    </p>
   </div>
   <div class='ocr_carea' id='block_1_6' title="bbox 602 3561 1288 4261">
    <p class='ocr_par' dir='ltr' id='par_1_23' title="bbox 602 3561 1288 4261">
     <span class='ocr_line' id='line_1_31' title="bbox 662 3561 1288 3733; baseline -0.043 -5"><span class='ocrx_word' id='word_1_108' title='bbox 662 3561 792 3733; x_wconf 71' lang='lat' dir='ltr'>post</span> <span class='ocrx_word' id='word_1_109' title='bbox 811 3661 878 3733; x_wconf 86' lang='lat' dir='ltr'>hec,</span> <span class='ocrx_word' id='word_1_110' title='bbox 899 3669 933 3720; x_wconf 81' lang='lat' dir='ltr'>vt</span> <span class='ocrx_word' id='word_1_111' title='bbox 952 3656 1142 3733; x_wconf 83' lang='lat' dir='ltr'>exposuerat,</span> <span class='ocrx_word' id='word_1_112' title='bbox 1286 3669 1288 3672; x_wconf 54' lang='lat'>&gt;</span> 
     </span>
     <span class='ocr_line' id='line_1_32' title="bbox 602 3762 1062 3848; baseline -0.024 -18"><span class='ocrx_word' id='word_1_113' title='bbox 602 3798 653 3838; x_wconf 62' lang='grc' dir='ltr'>ιω</span> <span class='ocrx_word' id='word_1_114' title='bbox 668 3769 735 3848; x_wconf 86' lang='lat' dir='ltr'>quis</span> <span class='ocrx_word' id='word_1_115' title='bbox 756 3766 799 3828; x_wconf 87' lang='lat' dir='ltr'>illi</span> <span class='ocrx_word' id='word_1_116' title='bbox 820 3765 916 3844; x_wconf 77' lang='lat' dir='ltr'>magis</span> <span class='ocrx_word' id='word_1_117' title='bbox 936 3762 1062 3842; x_wconf 75' lang='lat' dir='ltr'>placeat,</span> 
     </span>
     <span class='ocr_line' id='line_1_33' title="bbox 669 3863 1058 3936; baseline -0.031 -2"><span class='ocrx_word' id='word_1_118' title='bbox 669 3874 837 3936; x_wconf 84' lang='lat' dir='ltr'>declaratur</span> <span class='ocrx_word' id='word_1_119' title='bbox 857 3870 898 3931; x_wconf 82' lang='lat' dir='ltr'>ab</span> <span class='ocrx_word' id='word_1_120' title='bbox 918 3863 1058 3928; x_wconf 83' lang='lat' dir='ltr'>omnibus</span> 
     </span>
     <span class='ocr_line' id='line_1_34' title="bbox 667 3964 1069 4058; baseline -0.03 -18"><span class='ocrx_word' id='word_1_121' title='bbox 667 3978 700 4040; x_wconf 88' lang='lat' dir='ltr'>in</span> <span class='ocrx_word' id='word_1_122' title='bbox 720 3973 887 4058; x_wconf 88' lang='lat' dir='ltr'>principem</span> <span class='ocrx_word' id='word_1_123' title='bbox 896 4023 900 4052; x_wconf 79' lang='lat'><em>;</em></span> <span class='ocrx_word' id='word_1_124' title='bbox 907 3964 1069 4052; x_wconf 73' lang='lat' dir='ltr'>gregorius</span> 
     </span>
     <span class='ocr_line' id='line_1_35' title="bbox 670 4072 1109 4144; baseline -0.039 1"><span class='ocrx_word' id='word_1_125' title='bbox 670 4083 735 4144; x_wconf 79' lang='lat' dir='ltr'>Nec</span> <span class='ocrx_word' id='word_1_126' title='bbox 755 4080 914 4142; x_wconf 89' lang='lat' dir='ltr'>videbatur</span> <span class='ocrx_word' id='word_1_127' title='bbox 934 4072 1038 4136; x_wconf 86' lang='lat' dir='ltr'>melior</span> <span class='ocrx_word' id='word_1_128' title='bbox 1087 4115 1109 4127; x_wconf 77' lang='grc'>.,</span> 
     </span>
     <span class='ocr_line' id='line_1_36' title="bbox 671 4176 1079 4261; baseline -0.034 -14"><span class='ocrx_word' id='word_1_129' title='bbox 671 4195 723 4247; x_wconf 87' lang='lat' dir='ltr'>aut</span> <span class='ocrx_word' id='word_1_130' title='bbox 742 4184 851 4244; x_wconf 81' lang='lat' dir='ltr'>virtute</span> <span class='ocrx_word' id='word_1_131' title='bbox 872 4176 1028 4261; x_wconf 84' lang='lat' dir='ltr'>potencior</span> <span class='ocrx_word' id='word_1_132' title='bbox 1075 4225 1079 4231; x_wconf 93' lang='lat'>.</span> 
     </span>
    </p>
   </div>
   <div class='ocr_carea' id='block_1_7' title="bbox 0 0 1579 4600">
    <p class='ocr_par' dir='ltr' id='par_1_24' title="bbox 0 0 1579 4600">
     <span class='ocr_line' id='line_1_37' title="bbox 0 0 1579 4600; baseline 0 0"><span class='ocrx_word' id='word_1_133' title='bbox 0 0 1579 4600; x_wconf 95' lang='lat' dir='ltr'> </span> 
     </span>
    </p>
   </div>
  </div>
 </body>
</html>
