3075 4600
479 362 715 423 -125-

330 502 403 564 dum
425 506 534 587 laqueo
556 511 674 594 interiit.

265 609 371 673 msAt
390 620 433 683 tu,
454 612 506 691 qui
527 616 617 679 deum
642 622 776 699 queritur

328 714 472 777 bonade
493 716 543 780 illo
565 722 692 799 sencias,

329 836 411 890 nem,
433 820 485 898 qui
507 824 576 885 ficte
595 828 746 908 quesierit,
875 879 882 889 ·

329 920 463 986 inuenire
483 945 546 989 uon
568 932 685 1007 poterit.
786 988 788 992 .
815 989 819 993 .

330 1026 512 1104 Memineris,
534 1034 607 1113 quid
629 1035 738 1102 dixerit

266 1156 319 1187 me
330 1142 431 1209 poeto,
454 1133 506 1213 qui
526 1136 569 1198 sic
588 1136 686 1203 intulit

161 1231 319 1295 sincerum
339 1233 396 1295 nisi
417 1256 471 1299 vos
486 1242 571 1318 quod
584 1260 703 1323 cunque
720 1246 1024 1330 intonueris-acescit,

331 1338 374 1399 Sit
395 1360 469 1421 ergo
490 1345 591 1408 cordis
612 1349 736 1427 puritas.

328 1454 362 1504 vt
383 1444 540 1509 dominum
560 1448 695 1517 inuenies

328 1557 359 1609 et
379 1562 573 1627 peccatorum
592 1561 732 1623 tenebras

267 1680 317 1717 ms
331 1651 380 1714 dei
402 1655 518 1735 fugabit
539 1660 657 1724 Clarii&
734 1660 737 1665 -

329 1769 360 1819 et
381 1760 467 1822 dubit
486 1764 531 1825 sol
553 1762 665 1829 iusticie

329 1861 383 1923 tibi
404 1866 494 1943 plene
516 1888 708 1950 cognoscere,

328 1986 387 2046 que
407 1982 551 2047 geruntur
571 1972 602 2034 in
623 1974 756 2051 latebris.

327 2081 360 2132 ut
381 2090 471 2135 exeas
493 2075 534 2138 de
554 2080 694 2143 tenebris.

265 2204 316 2243 ηρ
328 2173 359 2237 Si
380 2177 470 2241 fueris
491 2178 552 2242 iem
573 2200 669 2244 coues

326 2282 464 2348 absortus
486 2284 646 2364 dyabolica

327 2387 525 2456 veraciteret
546 2392 673 2470 penites,
793 2438 796 2443 -

328 2490 389 2551 illic
410 2512 481 2555 vere
502 2493 635 2556 inuenies

326 2597 472 2674 foramen,
495 2618 550 2678 per
568 2599 652 2680 quod
669 2619 760 2688 ereas

263 2727 312 2766 ιη,
327 2712 360 2761 vt
381 2699 423 2761 sic
444 2702 485 2764 ad
506 2701 600 2765 vitam
621 2705 739 2770 redeas.

326 2925 444 3098 R&
464 3015 548 3078 dicta
567 3039 629 3081 non
651 3021 843 3103 presumpcio

327 3119 382 3180 sed
404 3120 502 3199 magis
524 3123 686 3187 obaudicio

269 3285 282 3308 .
326 3223 497 3287 describere
518 3229 673 3308 proposuit

230 3329 234 3336 '
328 3347 386 3406 que
407 3329 570 3394 adiuuante
590 3335 714 3412 protulit

263 3462 314 3499 12⁴0
326 3434 448 3509 christo,
470 3434 522 3513 qui
544 3448 574 3497 et
594 3437 775 3519 principium

325 3550 356 3600 et
376 3536 445 3600 finis
465 3549 510 3600 est
532 3541 741 3605 scribencium.

327 3642 372 3705 Sit
391 3643 480 3722 igitur
499 3645 558 3705 hec
577 3645 674 3708 leccio

326 3749 384 3830 pijs
406 3747 557 3812 edificatio

325 3854 442 3916 celestis
461 3854 650 3928 exercicium,

262 3985 312 4021 ωε
327 3969 360 4016 vt
381 3959 509 4017 redeant
528 3959 569 4018 ad
588 3957 735 4036 gemitum

325 4069 394 4134 post
415 4059 552 4118 fullooem
572 4058 721 4119 insaniem

326 4158 387 4217 vite
409 4171 564 4234 sperantes
586 4160 716 4221 veniam.

328 4258 398 4330 Sed,
420 4259 445 4318 si
467 4260 540 4335 quid
560 4260 714 4337 impericia
