3075 4600
821 234 1030 325 -e's-

703 449 801 520 preter
822 434 929 513 ipsum,
942 427 1003 510 'qui
1023 424 1125 507 potuit

703 544 751 605 uel
773 531 1062 621 pretereuntium

706 648 753 707 uel
775 655 872 704 artare
893 637 1064 719 negocium.
1165 684 1169 689 .

706 752 746 813 Et
763 748 920 809 missarum
940 738 1121 820 sollempnio

650 874 700 915 1260
714 850 898 934 premunitus
920 846 1051 909 diluculo

712 978 781 1019 cum
802 951 1005 1017 instrumentis
1023 946 1140 1012 bellicis
1236 1024 1242 1031 ⁶

711 1082 765 1143 per
786 1078 877 1140 opem
898 1057 945 1119 sui
965 1053 1094 1134 hospitis

712 1178 814 1247 portas
836 1162 917 1225 vrbis
939 1158 1097 1241 egreditur,

641 1330 643 1333 .
713 1270 761 1333 cui
782 1270 909 1349 supplex
930 1264 1064 1336 efficitur,

651 1396 701 1445 ηας
718 1387 751 1437 vt
770 1386 890 1454 apertas
909 1369 1042 1433 inueniat

715 1495 895 1561 quocunque
916 1493 990 1536 casu
1008 1473 1123 1533 redeat

718 1582 879 1646 Constanti
899 1598 972 1659 ergo
992 1575 1098 1639 auimo
1187 1596 1197 1630 ;.

718 1701 822 1752 vectus
843 1704 921 1766 equo
939 1680 1057 1747 feruido

717 1787 788 1856 ante
809 1790 893 1854 ducis
912 1786 1085 1858 tentorium,

657 1930 707 1968 1270
721 1917 811 1978 quem
832 1896 897 1958 sine
917 1911 1004 1956 mora
1024 1886 1148 1952 obuium

620 2019 623 2026 ’
722 2005 816 2065 habet
829 2000 891 2062 sed
911 2000 1013 2079 fugam
1033 1992 1164 2065 simulat,
1259 2066 1262 2072 Ι

723 2120 757 2169 vt
778 2106 885 2167 callide
905 2120 975 2164 cum
996 2098 1152 2181 protrahat

722 2213 762 2274 ad
784 2208 873 2272 cestii
892 2204 1096 2269 habitaculum

722 2317 892 2378 inmensum
907 2313 986 2374 dans
1001 2305 1209 2389 spectaculum

665 2453 714 2492 1275
726 2422 779 2504 qui
800 2422 918 2483 fuerant
937 2415 969 2478 in
988 2412 1120 2476 turribus

729 2539 760 2590 et
781 2521 933 2588 demuris
954 2516 1159 2600 spectantibus

728 2630 877 2693 Achillem
897 2625 948 2688 hic
968 2634 1000 2685 et
1019 2632 1155 2684 ectorem

729 2733 888 2813 utrubique
909 2725 1116 2808 spectabilem.

730 2840 832 2901 videre
854 2852 959 2916 posses
979 2828 1115 2892 militem.

673 2963 723 3003 nso
735 2963 814 3025 equo
835 2939 925 3002 armis
944 2933 1128 3018 precipitem
1362 2923 1367 2932 '

735 3049 796 3110 Sed
817 3057 851 3106 vt
869 3038 1010 3122 probauit
1028 3036 1125 3099 exitus

739 3686 770 3736 et
790 3672 920 3754 primum
941 3668 1064 3749 quidem
1083 3664 1214 3725 lanceas

741 3780 953 3856 confregerunt
973 3769 1172 3852 preualidas..

740 3885 819 3973 lude
839 3881 1010 3962 producunt
1027 3873 1146 3955 gladios

683 4018 734 4060 ¹²90
745 4001 777 4051 et
797 3986 893 4068 pictos
914 3984 1027 4047 cedunt
1046 3981 1186 4058 clypeos,

661 4113 664 4120 ·
743 4105 775 4155 et
792 4089 892 4153 loricis
911 4085 1120 4150 circumdata-

747 4194 798 4256 diu
818 4193 962 4256 rimantur
982 4205 1121 4268 corpora
1224 4192 1228 4200 ’
