3075 4600
794 278 1001 331 „44-

636 425 806 487 Permansit
827 436 927 487 castus
955 451 960 456 ·

635 530 763 591 sathane
784 529 827 591 sic
848 532 1020 611 comprimit
1040 542 1133 597 ustus.

584 663 622 701 μς
636 634 751 695 Enituit
770 635 832 696 iate

636 740 731 800 multa
752 740 869 819 pollens
891 737 1048 819 probitate.

634 843 696 920 Qui
718 843 763 905 sic
784 845 924 923 placebat
942 842 1092 914 omusbtu,

634 967 708 1009 uam
731 948 825 1009 luerat
845 946 1030 1029 compositus

635 1053 697 1115 suis
719 1053 751 1114 in
772 1052 889 1114 cunctis
910 1053 1023 1116 artubus

584 1186 623 1225 ῳ
636 1175 693 1218 nec
714 1177 778 1219 non
799 1159 952 1236 preclarus
973 1157 1117 1219 moribus.

636 1264 708 1325 Non
729 1264 825 1324 iuerat
845 1262 967 1342 egregio

634 1368 799 1447 preclarior
820 1367 957 1446 gregorio

635 1472 798 1537 illustratus
819 1470 959 1533 diuinitus

634 1586 697 1637 tam
720 1586 862 1655 acceptus
883 1575 1065 1637 homiuibus.

709 1760 716 1771 ’
738 1775 968 1864 Capitulum
996 1784 1061 1843 X·-
1162 1868 1165 1872 1

582 2021 620 2061 us
634 1904 796 2066 OMnes
817 1993 955 2058 videntes
975 1992 1117 2054 iuuenem

633 2099 732 2160 forme
753 2098 837 2160 vultu
862 2097 1059 2179 spectabilem

632 2204 694 2264 boc
713 2200 886 2265 iudicabant
908 2201 1037 2283 penitus,

632 2326 788 2388 nunquam
809 2309 848 2370 de
869 2306 1067 2390 piscatoribus

633 2412 706 2475 huic
726 2423 859 2474 meatum
882 2412 1018 2474 similem.

581 2546 621 2584 ῳ
635 2515 809 2597 eggregiam
829 2520 893 2578 tuni
914 2517 1060 2578 sobolem.

633 2623 809 2701 Da-mpnum
831 2606 960 2683 latentur
980 2619 1156 2700 maximum,

634 2727 720 2805 quod
741 2745 837 2807 genus
857 2724 1075 2787 nobilissimum

632 2831 705 2893 huic
725 2851 789 2894 nou
810 2842 911 2911 posset
931 2829 1117 2910 contingere,

632 2934 684 3015 qui
706 2935 744 2996 sit
764 2945 828 2996 tam
848 2937 945 2996 clarus
967 2934 1052 3008 lacie,

582 3068 620 3106 us
632 3050 664 3101 et
684 3039 866 3102 dubitabant
886 3039 1026 3100 iuuenem

630 3143 778 3224 piscantis
798 3163 867 3207 esse
887 3144 1034 3216 sobolem,

632 3249 778 3322 diceutes,
800 3246 870 3309 huic
890 3265 1054 3327 congruere

633 3371 778 3434 maguum
799 3352 941 3414 duoetum
962 3353 1067 3432 patrie.

631 3459 694 3522 Sed
716 3459 835 3519 fortuna
853 3456 1008 3531 versatilis,

476 3647 480 3652 Ι
581 3590 620 3628 rso
631 3581 692 3641 que
713 3560 820 3623 fautrix
839 3572 904 3623 erat
922 3560 1048 3634 iuuenis,

512 3733 517 3746 Ι
632 3685 714 3730 nunc
734 3669 833 3728 rotula
853 3665 976 3728 volubili

632 3772 723 3835 talem
746 3773 799 3834 dat
819 3791 923 3834 casum
944 3769 1053 3832 iuueni.

633 3878 733 3950 forte,
758 3879 832 3940 dum
853 3875 1045 3956 comparibus

633 3981 716 4042 sestis
738 3983 857 4043 adesset
876 3980 998 4052 lusibus,

580 4110 619 4150 ess
633 4082 775 4162 piscantis
797 4101 870 4146 casu
890 4086 1048 4165 paruulum

633 4187 739 4248 nolens
758 4187 880 4248 ledebat
898 4187 999 4250 filium.
