3075 4600
470 300 699 341 -101-

357 456 389 507 et
410 446 528 527 gracias
550 448 728 529 pemoluite;

358 550 410 632 qui
432 570 504 614 tuos
527 552 645 616 vinctos
669 553 797 633 respicit,

356 656 439 717 hunc
462 657 595 717 vinctum
619 677 679 719 non
702 658 843 733 deseruit,

355 758 407 837 qui
430 761 580 822 danielem
601 774 735 841 paueret,

305 892 344 931 m
356 875 388 926 et
409 864 548 927 flammas
569 864 759 945 mitigauerat

356 987 481 1031 suorum
502 988 536 1031 se
557 970 736 1041 colentium,

360 1072 410 1133 hic
433 1074 566 1135 seruauit
586 1074 767 1153 gregorium.

361 1176 424 1253 Qui
445 1189 563 1256 petram
585 1189 702 1239 tantum
725 1180 817 1241 coluit

356 1292 387 1343 et
408 1282 507 1342 celum
529 1292 641 1343 tectum
662 1282 791 1345 habuit-

301 1410 342 1448 ιω
354 1397 465 1446 ventos
485 1396 516 1447 et
536 1388 658 1465 ymbres
679 1390 788 1451 tolerat

358 1488 437 1549 inter
455 1489 580 1569 pminaa
601 1494 746 1568 ambulat,

354 1612 447 1673 quem
468 1613 526 1655 nec
547 1596 680 1659 lesemnt
701 1598 814 1679 frigora

353 1715 411 1758 nee
432 1696 634 1761 dissoluemnt
655 1712 807 1765 caumata.

355 1800 496 1863 Nudatus
519 1814 582 1863 emt
604 1806 734 1886 brachijt

309 1932 347 1971 ωε
360 1906 415 1966 sed
436 1926 493 1967 nec
514 1920 670 1971 contectus
692 1910 795 1989 tybiis,

357 2008 409 2088 qui
430 2030 463 2071 ae
485 2022 601 2073 tantum
622 2012 801 2076 breuissima

312 2106 317 2117 ’
353 2123 467 2175 tectum
479 2128 483 2137 '
489 2116 642 2195 gaudebat
662 2118 773 2193 tunica,

352 2236 445 2296 quem
467 2217 586 2281 interna
607 2222 736 2283 sacietas

351 2331 383 2382 et
405 2323 507 2385 sobiie
528 2325 656 2388 ebrietas
711 2363 715 2370 ·

306 2451 346 2488 4¹0
358 2423 482 2489 interius
503 2429 680 2508 repleuerat,
789 2477 794 2483 -

352 2529 465 2592 tamem
488 2533 603 2596 nescire
623 2535 766 2609 secent·
796 2551 801 2560 '

353 2633 419 2694 Vos
441 2647 544 2700 tamen
565 2638 646 2701 vnde
668 2639 775 2702 vixen't

352 2739 402 2797 uel
424 2757 514 2817 quem
536 2740 638 2803 mltum
657 2744 796 2807 habuerit

351 2841 499 2905 veraciter
519 2847 691 2925 cognossite

300 2971 339 3011 415
352 2955 384 3006 et
405 2947 549 3010 christum
571 2951 774 3036 benedicite‚‚g

351 3050 405 3130 qui
426 3051 530 3113 omnia
548 3071 608 3134 que
630 3055 725 3122 voluit

352 3144 474 3234 §emper
494 3169 594 3236 potest
611 3171 643 3220 et
666 3160 785 3239 poterit.

313 3320 315 3324 ’
417 3325 647 3442 eapitmum
673 3329 742 3430 xii.
843 3416 848 3424 .

350 3480 493 3652 pEtra
515 3573 645 3636 sudabat
666 3575 821 3640 minimum

334 3655 475 3753 liquon's
497 3675 689 3754 ammaim,

298 3807 339 3844 φο
350 3777 410 3840 illic
431 3780 568 3841 foramen
591 3784 764 3862 scalpserat,

350 3883 381 3945 in
403 3903 465 3961 quo
486 3883 633 3964 limpham
655 3889 819 3967 collegerat

351 3985 450 4045 noctis
471 3985 531 4046 diei
550 3988 655 4065 spacio

350 4103 447 4160 paruo
469 4087 631 4148 stillantem
653 4090 758 4166 riuulo,

350 4203 443 4260 quam
464 4187 558 4245 semel
577 4189 718 4252 haustam
733 4209 909 4275 vsumpsemt
