3075 4600
647 514 695 575 ille
717 502 850 593 quietem
871 512 996 574 noxiam

647 617 817 679 discuciens
838 619 873 678 fit
892 616 989 683 lecim

648 734 679 783 et
700 723 741 784 ad
761 721 820 782 iter
839 719 989 801 peractor.

596 844 636 894 ³⁶0
647 827 710 887 Sed
730 827 805 887 dnm
826 825 947 887 timeret
966 825 1095 903 perdere

646 920 754 991 iteret
775 929 880 1009 gaudit
900 946 1038 1010 pergere,

647 1036 761 1098 obliuio
783 1036 823 1097 de
843 1035 949 1096 tebuln
971 1070 978 1075 -

648 1144 682 1202 fit
703 1153 734 1203 et
754 1151 843 1221 rapta
863 1140 1027 1200 cathenuln

647 1264 681 1307 sc
703 1266 737 1307 se
755 1257 921 1307 vocantem
944 1242 1088 1321 seqnitur,

594 1369 634 1421 ³⁶⁵
647 1370 667 1411 a
687 1370 749 1430 quo
770 1361 858 1410 torue
878 1346 1050 1425 suscipitur.

646 1456 743 1517 Intrat
762 1466 867 1515 tamen
888 1450 1071 1523 nauiculam,

645 1578 738 1638 quam
758 1557 809 1619 ille
830 1554 920 1617 vertit
940 1570 1119 1636 prospemm

645 1663 687 1725 ad
706 1658 851 1741 lapidem,
873 1669 907 1720 ut
928 1658 1056 1731 disant,

645 1766 677 1827 in
697 1784 760 1846 quo
781 1775 991 1843 conpunctum
1010 1762 1151 1837 collocat,

594 1901 636 1940 oo
647 1871 732 1932 cuius
753 1869 848 1948 pedes
869 1865 1033 1928 fortissime

626 1977 727 2057 ¹serto
747 1971 960 2051 constringens
980 1969 1082 2050 impie

649 2078 759 2152 anic«,
780 2076 897 2155 inqffld,
924 2088 994 2137 ›tuc
1014 2074 1132 2153 requies

537 2230 542 2240 .
645 2196 678 2244 ct
698 2182 727 2243 si
747 2191 846 2241 emm
866 2180 995 2259 penites,
1059 2246 1062 2249 ,

645 2288 697 2349 hic
718 2285 858 2366 proiecto
879 2284 1056 2360 minaberis,

594 2391 670 2461 ossi
690 2391 766 2452 flens
787 2389 1036 2470 pemeneraneris.
1069 2395 1077 2403 '

648 2497 722 2558 Non
742 2494 901 2557 hominnm
923 2494 1099 2573 frequencin

645 2615 698 2662 tua
716 2597 840 2660 vexabit
861 2597 973 2671 studia,
1145 2592 1148 2595 ’

648 2706 704 2768 sed
724 2723 784 2765 nec
801 2703 935 2764 sernmm
955 2701 1086 2782 impetus

645 2829 704 2871 nec
723 2807 892 2887 bestiarum
916 2807 1043 2872 adim«

592 2932 632 2982 ³⁸0
644 2915 750 2993 sicque
769 2911 892 2984 clauim,
914 2931 977 2990 qun
995 2913 1155 2990 clauserat,

645 3017 785 3080 fluentas
805 3014 999 3078 immercernt
1113 3044 1116 3049 ·

645 3137 677 3186 et
697 3120 836 3184 discessit
853 3120 991 3182 velocius
1111 3133 1118 3143 ·

645 3225 776 3306 abipso
799 3235 897 3286 tortor
916 3224 1038 3306 impius.

740 3433 971 3513 Capitulum
1000 3435 1080 3494 XI·-

646 3556 716 3716 Ο
739 3643 819 3705 Mira
839 3643 1032 3722 dispensacio

579 3765 633 3816 -sts
646 3764 677 3832 et
698 3749 797 3828 magis
818 3747 981 3810 miseracio

645 3853 759 3928 christi,
781 3853 834 3932 qui
854 3872 927 3914 suos
948 3851 1093 3931 protegit,-
1178 3901 1185 3912 .

539 4024 545 4030 .
645 3978 721 4044 quos
743 3957 784 4019 ad
805 3955 930 4019 virtutes
950 3957 1102 4037 prouehit,

646 4082 738 4142 quam
757 4074 845 4142 grata
865 4055 1039 4142 penitencia
1089 4043 1095 4050 ⁵

646 4167 823 4245 angelorum
842 4166 945 4228 leticia

593 4297 634 4337 ιφ
645 4269 684 4330 sit
704 4269 826 4343 chtisto,
850 4289 933 4332 nunc
955 4270 1134 4350 perpendite
