3075 4600
470 237 508 249 ..
556 174 681 283 2⁷..-

256 403 292 443 m
309 396 366 439 nec
387 376 541 457 prosperis
560 374 737 438 lenissimum
801 363 807 373 ’

307 483 362 543 scd
382 482 533 543 habebam
555 480 690 541 validum
731 522 736 531 ·

247 663 251 671 ι
308 587 390 649 etin
412 586 548 666 utrisque
567 584 774 657 commodum,

307 693 408 771 Quem
431 710 575 771 prospera
595 708 652 751 nec
674 688 792 769 erigant

309 816 366 859 nec
387 797 516 858 aduersa
537 792 677 869 deiciant,
759 816 763 825 ·

258 920 296 961 ιω
309 922 370 984 qua
391 912 516 982 propter
535 898 623 961 huius
645 897 755 960 semiue

308 1028 371 1070 non
392 1024 529 1085 congruo
551 1003 680 1079 misene,

309 1132 379 1174 cum
402 1111 466 1173 eius
489 1108 579 1170 tristis
600 1107 730 1189 gemitus

310 1216 438 1279 sufficiat
459 1216 620 1276 multorum
642 1213 795 1275 cordibus.

309 1320 479 1402 Triplicitet
499 1329 563 1381 erat
582 1318 742 1399 languidus

258 1446 296 1494 aas
309 1426 398 1489 huius
420 1424 550 1487 mulietis
571 1422 689 1484 animun

310 1552 347 1594 ex
369 1530 416 1593 his
436 1547 530 1591 vnum
552 1528 689 1589 sufficere

310 1636 433 1698 cuilibet
454 1644 557 1715 posset
578 1633 691 1695 semine

311 1740 421 1802 Cordis
443 1749 508 1800 erat
529 1736 648 1799 vatidus

311 1846 401 1908 dolor
422 1856 453 1905 et
474 1843 634 1923 precipuus

261 1969 300 2009 no
313 1949 446 2012 criminis
468 1946 654 2026 contagium,

311 2056 394 2135 quod
416 2053 578 2133 torquebat
598 2048 769 2131 plurimum,

311 2173 454 2223 necerat
474 2156 645 2220 consolatio

313 2265 369 2328 sed
390 2261 500 2326 mentis
520 2260 721 2344 perturbacio.

316 2369 497 2450 Languebat
517 2380 548 2430 et
568 2368 598 2429 in
620 2386 749 2448 corpore

263 2494 300 2542 aas
318 2477 357 2537 de
377 2475 450 2536 noui
472 2485 575 2554 partus
596 2475 732 2554 pondere

314 2593 344 2642 et
366 2591 399 2640 vt
420 2581 564 2641 exhausta
585 2579 704 2660 penitus

312 2697 430 2746 tantum
452 2685 591 2747 trahebat
612 2683 750 2763 gemitus

314 2789 423 2852 Tereia
445 2799 492 2850 est
513 2786 632 2850 miseria

316 2895 454 2957 infantuli
473 2895 626 2969 absencia,

265 3017 303 3057 820
317 2985 368 3079 qui
390 2999 434 3062 sic
455 3001 597 3078 abreptus
617 3000 722 3072 iuerat,

317 3116 350 3165 vt
371 3107 449 3165 vltra
468 3123 532 3166 non
553 3112 738 3182 compareat

317 3208 375 3269 His
396 3208 507 3270 afflicta
528 3209 633 3280 iuerat,

319 3330 377 3373 nec
397 3324 504 3392 quarta
525 3312 623 3374 minus
645 3313 750 3374 aberat

320 3415 428 3492 mentis
450 3415 611 3492 tnnuiatiO,

268 3538 305 3586 aas
319 3539 379 3599 que
400 3520 496 3584 iuerat
516 3518 662 3602 purgatio

216 3623 217 3626 ’
320 3627 396 3686 sone
417 3626 649 3706 precedencium

321 3741 351 3792 et
373 3741 602 3810 purgamentum
624 3729 795 3802 criminum,

320 3852 393 3896 nam
415 3842 539 3914 repente
559 3845 693 3909 venerat,

322 3941 373 4020 qui
396 3942 518 4001 fratrem
538 3938 601 4000 eius
622 3937 745 4001 nunciat

272 4062 310 4111 ⁸³0
324 4044 428 4106 mortis
449 4042 575 4104 soluisse
596 4041 748 4120 debitum3

324 4145 368 4207 sic
389 4147 572 4207 innouantur
592 4145 753 4224 plurimum
