3075 4600
502 346 734 411 ..ψ

392 512 424 563 et
442 500 591 564 inuenisse
611 501 773 582 gaudeant

391 605 443 667 Sic
463 606 503 667 ed
525 616 672 669 montana
693 606 824 687 dirigunt

391 710 448 771 iter
467 721 499 772 et
519 709 609 773 maria
631 724 774 791 satagunt

338 814 490 883 mlittora
510 812 689 897 perspicere,

391 930 425 980 vt
446 938 508 980 non
529 916 677 981 desistant
695 938 829 997 querere.

449 1100 680 1183 Capitulum
700 1104 783 1165 XVI.

391 1233 521 1405 post
541 1338 678 1399 laborem
699 1336 859 1399 diuttinurn

390 1463 480 1524 quem
502 1442 650 1504 sustinent
670 1462 725 1522 per
746 1442 878 1503 uiduam

388 1560 460 1629 post
478 1549 603 1610 lustrata
623 1546 805 1627 campestris

337 1684 376 1723 sss
389 1663 550 1716 occurrunt
570 1663 657 1732 grata
678 1670 813 1725 nemon,

388 1773 449 1838 qu'e
469 1757 543 1819 dum
563 1758 691 1818 lustrant
712 1756 839 1829 diucius,

388 1862 549 1925 efferrebat
566 1880 602 1922 se
622 1860 722 1923 editus

387 1968 523 2029 occultus
542 1976 573 2027 et
593 1964 765 2045 gramineus

386 2068 479 2131 vianti
501 2070 579 2131 rnale
601 2068 731 2150 pentius.

335 2174 486 2243 ssoLetati
508 2185 578 2237 sunt
599 2174 640 2237 de
660 2172 778 2244 semita,

385 2296 447 2361 que
467 2280 614 2360 pergebat
633 2298 689 2359 per
708 2275 790 2339 inuia

385 2382 416 2444 in
437 2394 546 2445 terram
567 2384 641 2446 satie
662 2381 816 2445 horridam

385 2499 418 2550 et
436 2488 467 2550 in
486 2489 656 2570 longinquo
676 2472 807 2568 positam

385 2591 543 2672 piscatoris
564 2593 605 2654 ad
625 2591 773 2662 cellulem,

335 2721 374 2764 sss
387 2696 469 2759 vnde
489 2696 549 2757 iam
571 2714 663 2774 supra
684 2695 830 2768 dixeram,

386 2797 439 2880 qui
461 2809 567 2862 sancto
589 2799 639 2861 dei
661 2799 781 2860 seruulo

384 2905 477 2968 durus
497 2918 563 2966 erat
583 2902 734 2984 gregorio,

384 3021 454 3088 post
475 3009 568 3070 verba
587 3005 773 3090 contumelie

384 3114 464 3174 ierro
485 3113 628 3175 claudens
648 3111 681 3190 in
700 3110 810 3192 lapide.

333 3245 373 3284 sso
385 3203 445 3280 Sed
466 3228 538 3298 post
556 3215 671 3279 laboris
692 3215 807 3278 tedium

384 3332 540 3384 cernentes
560 3321 766 3382 habitaculum

384 3423 446 3486 ianr
467 3425 597 3488 instante
620 3442 746 3505 vespere

383 3527 427 3590 ibi
448 3530 581 3609 gaudent
601 3528 764 3609 quiescere

383 3645 549 3707 cernentes,
571 3634 656 3713 quod
677 3629 809 3702 vlterins,

334 3765 372 3805 m
385 3756 447 3798 non
468 3736 507 3798 sit
525 3737 659 3799 eundum
680 3733 820 3815 amplius.

384 3842 533 3902 Intrantes
553 3853 655 3903 autem
678 3839 805 3902 rusticus

385 3957 555 4020 susceperat
576 3943 720 4005 deuocius

385 4052 417 4101 et
436 4044 519 4103 omni
536 4044 691 4123 diligentia

385 4142 521 4202 subiecta
541 4146 647 4220 prebet
668 4147 770 4205 munia

254 4221 257 4228 Ι
335 4255 376 4305 sto
387 4251 419 4300 et
439 4252 563 4302 terretur
584 4245 726 4322 aspicere,
