3075 4600
818 266 1027 363 ..66-

638 496 640 501 ’
662 487 696 537 ut
717 472 806 550 ermis
827 473 910 533 hunc
929 468 1086 530 deterreat

663 574 965 657 efficitur-potencior

662 696 693 748 et
713 682 795 747 leoni
816 680 954 753 ferocior,

664 794 745 851 Dum
767 786 932 868 quemlriret
950 778 1140 845 fortissimum

604 926 656 964 1¹90
667 896 707 957 ad
728 905 872 955 terrorem
898 886 1069 958 videndum

666 1000 813 1061 violenter
833 996 1007 1058 abduxerat.

666 1123 723 1165 uec
744 1114 799 1174 est,
821 1098 874 1179 qui
895 1080 1012 1177 ruptum
1035 1092 1172 1153 redimat.

576 1248 578 1252 ·
669 1206 727 1270 His
748 1204 921 1269 nominatus
941 1203 1047 1268 suerat,

667 1314 740 1375 dum
762 1328 853 1372 nemo
874 1310 956 1367 hunc
976 1302 1160 1382 equipperat,
1190 1333 1192 1336 -

607 1448 657 1487 110⁵
670 1418 725 1480 sed
745 1426 792 1477 est
812 1413 843 1474 in
864 1409 949 1472 terris
970 1407 1111 1469 omuibus

632 1606 634 1611 Ι
667 1520 799 1585 Achilles
818 1512 1045 1577 famosissimus.

667 1628 760 1688 Porro
782 1622 851 1684 exul
869 1616 1024 1700 gregorius

667 1733 726 1792 hec
746 1726 943 1809 prospectans
964 1699 1161 1799 frequencior,

669 1835 720 1915 qui
740 1832 784 1895 nil
802 1828 937 1892 habebat
957 1843 1047 1905 agere

606 1970 658 2000 mo
669 1950 768 2020 preter
788 1936 828 1997 de
847 1934 939 1996 laude
959 1930 1063 1992 viuere
1117 1931 1121 1947 ²

617 2039 622 2047 ’
669 2056 700 2107 et
720 2042 768 2103 cui
786 2038 902 2103 iu'erum
923 2038 1028 2107 iuerat,
1066 2088 1071 2091 .

671 2160 704 2211 vt
723 2146 829 2209 ueteris
849 2144 916 2223 plus
937 2141 1064 2220 placeat,
1102 2167 1105 2171 ·

672 2254 727 2316 Est
747 2252 907 2315 effrenatus
928 2244 1030 2307 animo

674 2371 705 2422 et
725 2374 842 2420 merore
861 2351 1007 2414 contiuuo

610 2497 660 2534 ως
674 2462 885 2544 pemacubur,
906 2454 980 2535 quid
1000 2461 1103 2532 ageret

676 2567 725 2630 cui
746 2568 823 2627 forte
842 2582 876 2624 se
896 2554 1104 2623 submitteret?

674 2677 867 2752 Proponens:
892 2664 983 2745 »quid
1003 2662 1036 2722 iu
1055 2658 1127 2721 aleis

675 2798 729 2860 per
750 2795 783 2838 se
804 2791 920 2854 pauper
939 2767 1044 2847 aliquis

675 2883 763 2944 rebus
785 2879 871 2942 diues
891 2872 1027 2942 efficitur,

614 3018 665 3048 mo
679 2989 752 3050 dum
772 2981 894 3046 incertis
915 2964 1067 3041 subioitur.

675 3094 767 3154 Forte
788 3094 939 3169 proponat
959 3077 1065 3158 aliquis

679 3216 764 3277 spem
785 3191 910 3256 dubiam
931 3186 961 3248 in
984 3182 1057 3246 ateis
1083 3187 1111 3200 ''

679 3313 710 3364 et
729 3300 882 3380 ignorans,
904 3310 964 3372 que
985 3286 1091 3350 melior.

679 3425 749 3487 pars
769 3404 809 3465 sit
828 3403 877 3463 uel
897 3395 1037 3468 deterior,
1115 3420 1118 3426 ·

614 3543 667 3580 ms
679 3524 710 3574 et
728 3511 804 3572 alter
823 3506 914 3567 rebus
935 3518 1048 3562 vacuus
1092 3572 1098 3576 Ι

678 3617 784 3678 ludum
805 3607 950 3692 presumit
969 3603 1098 3683 cupidus

681 3722 786 3782 volens
808 3725 860 3777 aut
880 3722 1004 3773 cunctas
1026 3707 1151 3788 perdere

682 3844 730 3886 res
751 3835 804 3884 aut
825 3805 925 3900 piures
946 3812 1109 3894 acquirere,

681 3929 729 3992 Sic
748 3927 828 3990 circa
847 3936 880 3987 te
903 3921 1002 4003 agitur

616 4065 670 4092 mo
683 4053 751 4114 spes
773 4033 834 4093 vlla
853 4044 912 4090 nec
932 4021 1124 4107 promittitur,

682 4137 733 4216 qui
754 4157 788 4199 ee
806 4135 928 4215 ignotus
948 4129 1090 4194 omnibus
1124 4161 1129 4167 ·

682 4242 750 4304 exul
770 4253 802 4302 et
819 4239 909 4300 rebus
930 4235 1076 4297 modicus.
