3075 4600
788 254 1019 311 -108'-

641 415 726 494 quod
748 414 821 476 olim
842 428 1096 495 perpetrauerarn,

588 534 629 585 ⁶³0
641 537 699 579 nec
721 518 861 599 penitens
882 522 1111 602 opplanxeram.

641 622 807 699 Quendam
828 624 980 686 habebam
1001 626 1165 706 hospitem,
1279 633 1284 637 ’

641 728 811 804 preclarum
832 727 956 807 quidem
976 727 1116 792 iuuenem

641 841 711 891 actu
734 832 832 893 forma
853 832 1056 911 compositum

639 934 779 1014 quietum
801 937 929 998 membis
951 936 1095 1000 validum.

588 1055 627 1105 s„
641 1039 702 1101 Sed
723 1040 869 1119 replicare
890 1060 1005 1112 vereor,

642 1144 714 1224 quia
737 1163 879 1224 peccasse
900 1144 1030 1218 monior,
1140 1154 1145 1161 '

642 1371 695 1413 seu
717 1364 849 1431 quantas
869 1354 1068 1416 contumelias

641 1454 753 1518 tacenti
774 1456 979 1535 irrogauelim,

587 1575 628 1626 διο
640 1561 689 1622 uel
711 1559 838 1640 qualiter
857 1560 997 1621 eiecerim

639 1665 697 1726 sub
717 1676 810 1726 nocte
831 1663 871 1725 de
891 1662 1041 1743 hospicio,

639 1769 723 1848 quod
745 1787 828 1829 nunc
849 1767 955 1829 iecisse
975 1768 1076 1830 doleo.

639 1873 782 1958 Tandem
805 1872 889 1932 illum
909 1870 941 1932 in
962 1867 1063 1951 lapide

642 1974 778 2039 conclusi
799 1976 903 2062 stricta
924 1978 1075 2056 compede
1123 1966 1126 1970 ⁵
1192 1969 1195 1974 ’

588 2096 628 2148 ⁶⁴⁵
641 2090 672 2142 et
692 2064 822 2153 clauem,
844 2099 904 2158 qua
926 2077 1117 2153 recluseram,

640 2203 747 2246 amens
769 2184 846 2245 mari
866 2183 1084 2257 immerseram,

638 2288 725 2368 quod
746 2307 829 2349 nunc
847 2287 899 2350 dei
917 2287 1030 2350 iudicio

642 2403 843 2474 presentatur,
864 2405 898 2454 rt
918 2393 1043 2455 videor.

721 2585 950 2666 Capitulum
980 2587 1091 2646 xlx·-
1198 2646 1206 2660 ,

640 2718 759 2887 fille
780 2825 942 2892 postquam
964 2816 1157 2890 peiorauerat

587 2933 628 2984 rso
640 2927 671 2978 et
692 2917 791 2978 scelus
813 2927 1001 2994 exposuerat,

640 3039 703 3100 quo
725 3019 783 3081 sibi
805 3031 870 3086 errt
891 3019 1040 3092 conscius,
1142 3089 1146 3094 ,

642 3143 715 3186 mox
736 3125 898 3184 aduolutus
918 3123 1049 3202 pedrlrus

606 3233 611 3288 ζ
641 3227 777 3309 ipsorum
799 3225 875 3305 petit
895 3225 1017 3289 reniam

641 3343 673 3394 et
694 3331 767 3393 lacti
788 3330 1024 3411 indulgenciam·

455 3457 460 3466 ·
587 3453 627 3505 ⁶⁵⁵
642 3437 689 3497 Illi
712 3435 856 3497 mirantes
877 3433 1020 3497 miserum

641 3540 693 3602 tali
714 3541 797 3602 sacto
818 3552 883 3601 tam
904 3537 1031 3617 impium

639 3664 704 3707 non
724 3643 849 3723 quidem
870 3655 984 3723 negant
1005 3641 1136 3715 reniam,

641 3750 696 3811 sed
718 3767 813 3829 posse
833 3746 1058 3828 indulgenciam

641 3873 660 3914 a
681 3851 810 3914 domino
830 3851 997 3932 percipere,
1041 3866 1046 3873 ·
1088 3869 1098 3880 ·

590 3955 667 4018 sori
688 3957 794 4019 doleat
813 3957 854 4018 de
874 3954 1017 4032 crimine3

642 4061 704 4123 Sed
725 4061 879 4140 spondent
899 4056 1129 4121 habundandus

643 4164 755 4225 saluari
775 4165 816 4227 de
837 4162 1021 4236 crimimous,
