3075 4600
771 487 1001 568 Capitulum
1018 492 1081 551 X·-

629 627 767 791 Dlius
788 715 820 778 in
842 737 919 797 pace
940 739 997 781 vos
1017 718 1126 801 dirigat

580 846 618 885 sss
631 832 661 881 et
682 822 722 881 ad
745 833 847 883 vestra
866 822 898 884 in
919 844 997 903 pace
1016 827 1156 901 remittet,

637 925 677 985 de
697 924 782 985 cuius
804 926 906 1005 gracia
927 931 1107 1007 presumatis

630 1041 660 1091 et
681 1030 708 1091 ei
730 1050 787 1091 vos
808 1029 1013 1095 indubitanter
1031 1034 1233 1120 conmittutis3

630 1147 660 1195 et
682 1134 707 1195 si
728 1135 806 1196 mori
828 1156 883 1197 vos
906 1138 1073 1217 contigerit.

513 1202 534 1292 ἱ]
630 1238 748 1317 spiritus
770 1239 916 1301 contritus
936 1244 1038 1304 saluus
1058 1245 1123 1306 erit

576 1360 615 1409 ,ω
627 1346 719 1405 Soror
739 1354 842 1405 autem
864 1356 966 1408 vestra
987 1368 1055 1409 mea
1068 1349 1196 1411 domina

629 1448 701 1508 nolo
722 1450 806 1526 quod
829 1447 867 1509 sit
887 1451 990 1525 anxia,

628 1552 684 1613 sed
702 1551 857 1631 dispenset
876 1554 970 1618 libere

628 1674 690 1717 rem
711 1657 863 1735 publicam
886 1677 941 1721 sue
959 1659 1065 1740 patrie

627 1760 693 1823 Nec
713 1776 856 1841 sequatur
876 1763 1030 1839 inercism,

575 1880 613 1930 ³⁶3
626 1866 679 1927 sed
700 1866 795 1929 animi
814 1868 1036 1943 constanciam,

627 1989 673 2031 res
693 1986 853 2034 conseruet
873 1984 1016 2037 strennue

626 2086 656 2136 et
677 2077 791 2137 fruatur
806 2078 901 2140 libere

625 2192 687 2240 tam
709 2178 740 2241 in
761 2182 926 2245 elemosine

625 2305 716 2364 quam
737 2284 768 2348 in
788 2306 861 2350 vsus
881 2287 1002 2364 familie,

572 2417 612 2456 πο
623 2390 679 2451 Cui
695 2392 721 2452 si
741 2411 791 2453 res
811 2394 950 2467 deerunt,

625 2514 731 2558 omnes
752 2498 866 2558 imctus
887 2510 1015 2577 pereunt

625 2619 683 2660 nec
701 2600 758 2661 sibi
781 2602 953 2682 prospicere

626 2723 685 2766 nec
704 2705 769 2783 alijs
790 2707 903 2785 poterit
922 2727 1104 2770 succurrere.

623 2809 706 2886 Quid
725 2811 850 2871 affectus
871 2812 1014 2890 proderit.

571 2913 646 2979 sissi
667 2915 791 2976 effectus
812 2916 929 2979 decrit?

622 3018 654 3080 hi
675 3020 820 3082 valebunt
839 3034 945 3084 mutuo

623 3142 681 3185 nec
703 3135 763 3185 stat
780 3145 874 3186 unum
896 3126 963 3190 sine
983 3129 1106 3190 alteros

625 3227 742 3289 Placuit
762 3229 920 3292 consilium

623 3347 663 3413 et,
686 3345 719 3394 vt
740 3353 834 3413 supru¹
852 3347 899 3397 est
921 3353 1130 3421 memoratum,

571 3451 611 3501 sto
623 3437 790 3517 diriguntur
810 3440 930 3520 plurimi

623 3541 760 3604 discursu
781 3564 874 3624 quarn
896 3546 994 3610 celeri.

620 3648 786 3726 Peragatur
804 3649 899 3728 regio,

621 3753 655 3813 fit
674 3765 841 3815 conuentus
863 3754 966 3817 subito

620 3857 756 3918 omnium
779 3859 923 3920 nobilium

571 3974 608 4022 εδ,
621 3959 651 4020 in
673 3980 766 4022 vnum
788 3963 1047 4025 conuenientium.

623 4064 741 4141 Quibus
761 4069 866 4128 cdram
890 4065 999 4149 positis

622 4171 810 4230 serrnomlrus
829 4171 1016 4232 breuissimis
