3075 4600
820 237 1030 293 -,4,

655 377 756 441 *Sic
778 380 892 447 inuenit
912 389 1080 468 consilium,

706 485 791 562 quod
812 489 920 552 ceteris
941 497 1164 575 complacitum.

701 585 799 649 visum
821 605 868 653 est
889 614 1064 678 congruere,

699 696 785 771 quod
807 715 879 759 mox
900 703 1023 767 student
1041 710 1185 785 perficere

699 796 891 862 Deliberatur
910 808 1056 885 protinus,

649 911 687 963 tus
700 912 734 962 vt
754 903 804 963 hic
825 908 949 971 marinis
970 913 1108 979 fluctibus

699 1021 867 1087 exponetur
888 1016 1010 1079 caucius

655 1102 658 1107 ’
697 1116 925 1180 conseruandus
947 1120 1096 1189 diuinitus

698 1217 822 1297 Hospes
843 1241 899 1301 per
918 1242 952 1286 se
972 1247 1100 1309 propere

697 1322 842 1402 perquirit
862 1329 1070 1409 secretissime,

646 1430 722 1493 vossi
741 1432 875 1496 loculum
895 1437 1038 1515 inueniat,

692 1535 745 1615 qui
766 1541 894 1617 puruulo
915 1544 1084 1608 conueniet

692 1640 754 1718 Qui
776 1641 890 1706 inuenit
909 1647 1043 1724 celerius,

690 1746 775 1824 quod
796 1750 941 1827 querebat
961 1753 1067 1817 anxius

688 1850 863 1930 Capcellam
885 1858 1128 1923 venustissimam

639 1976 676 2018 ros
688 1974 744 2035 per
764 1942 876 2031 cuncto
895 1960 975 2022 bene
995 1981 1171 2043 congruum.

543 2018 563 2082 J
688 2061 767 2122 Cum
790 2061 891 2125 multis
912 2084 985 2144 ergo
1006 2066 1124 2131 flemus

685 2161 842 2244 inponitur
862 2166 1027 2233 infantulus

554 2276 563 2386 ι
685 2286 756 2330 curn
779 2282 888 2334 ornatu
908 2274 994 2339 vario

686 2385 717 2434 et
738 2375 850 2438 amictu
871 2397 1030 2458 purpureo.

635 2501 675 2540 m
686 2479 754 2540 Nec
775 2481 888 2558 deerat,
909 2497 944 2544 rt
964 2485 1082 2561 estimo,

684 2583 895 2647 thesaurorum
915 2589 1046 2654 ambicio

680 2709 753 2750 nam
775 2691 916 2753 dicuntur
935 2695 1066 2773 reposita
1107 2752 1109 2757 .

538 2787 564 2850 x]
682 2795 748 2855 nuri
768 2796 828 2856 XX
848 2798 994 2877 pondere,

539 2897 553 2984 1
683 2918 744 2978 que
766 2901 859 2980 vulgo
879 2921 998 2964 marcas
1020 2903 1155 2982 dicimus,

634 3026 673 3068 νε
687 3016 719 3064 ut
739 3022 778 3066 ex
798 3005 1040 3070 iuis-infantulus

679 3109 825 3170 educatur
845 3109 1024 3186 cautissime,

682 3211 708 3274 si
730 3213 887 3294 contingat
907 3215 988 3277 hunc
1010 3216 1110 3281 viuere

679 3317 785 3379 christi
804 3321 861 3382 sub
882 3319 1025 3399 regimine

681 3433 803 3500 portum
825 3422 933 3503 quietis
953 3425 1067 3491 intime.

666 3635 667 3638 ’
705 3606 934 3711 Capitulum
960 3637 1088 3698 xunn

623 3863 663 3902 r»
674 3750 807 3920 INter
827 3841 886 3904 hec
906 3845 1038 3908 eburnee
1053 3917 1055 3921 ¹

674 3958 920 4024 representantur
939 3950 1043 4012 tabule

672 4049 793 4112 decoris
813 4071 907 4131 quum
928 4052 1044 4116 mirifici
1085 4093 1090 4096 -

672 4171 862 4231 gemmarum
884 4168 915 4218 et
934 4159 999 4219 auri
1020 4161 1123 4222 fuluidi
