3075 4600
481 202 690 327 ...351-

369 412 445 475 Sunt
466 414 724 495 incomparabiles,

317 545 356 585 m
369 535 427 579 nee
447 518 512 579 vise
533 533 602 581 sunt
622 520 669 583 his
690 520 802 584 similes

371 642 410 685 ex
432 625 618 685 metallorum
640 644 750 705 genere

367 747 425 789 nec
446 728 573 809 gemmis
594 747 652 791 nec
672 748 710 791 ex
731 734 834 795 ebore.

365 832 425 894 His
446 832 597 913 inscripsit
617 833 741 895 dominu

287 928 290 933 ’
366 937 477 998 deuote
498 957 590 999 manu
611 939 734 1019 propriu

315 1060 473 1109 noomnes
493 1061 582 1105 cesus
604 1042 741 1105 infantuli

365 1160 492 1209 eventus
514 1162 545 1209 et
565 1147 689 1227 piaculi:

365 1250 459 1328 Quod
480 1264 565 1331 pater
586 1252 623 1315 sit
644 1255 821 1328 avunculus,
845 1288 851 1296 ·
885 1256 913 1301 ν’

365 1356 450 1435 quod
471 1376 533 1418 non
554 1359 616 1419 luat
637 1358 799 1419 infantulus

364 1472 396 1520 et
417 1473 514 1522 meter
534 1462 597 1523 eius
619 1462 712 1523 emita

313 1592 351 1631 ns
365 1562 405 1625 sit
424 1564 512 1627 huius
533 1579 636 1645 partus
658 1568 790 1629 conscia„

364 1670 549 1748 Expressum
570 1683 616 1733 est
636 1672 668 1733 in
689 1671 802 1745 titteris,

364 1789 586 1837 sacramentum
606 1778 799 1857 baptismatis
878 1813 883 1820 -

365 1892 399 1940 vt
419 1878 516 1941 infans
537 1882 596 1942 hoc
618 1882 772 1962 percipiet,

365 1982 391 2043 si
412 1983 489 2045 forte
510 1986 576 2065 quis
596 1987 678 2047 hune
699 1985 858 2066 repperiet

314 2112 354 2151 no
366 2086 397 2148 si
417 2087 576 2151 timoratus
597 2090 686 2151 fuerit

364 2190 397 2253 in
417 2192 501 2255 euius
523 2213 629 2255 manus
649 2195 775 2268 venerit,

364 2311 398 2358 vt
418 2299 537 2361 studeat
557 2301 734 2380 peremnia

365 2403 405 2463 de
427 2405 549 2488 propria
569 2405 698 2485 pecunie

364 2507 494 2568 educare
516 2509 667 2585 attentius,

315 2634 352 2673 ns
366 2630 406 2671 ne
426 2624 530 2692 pereat
550 2615 722 2677 infantulus.
908 2619 950 2653 v·

366 2717 507 2780 Decursis
528 2719 615 2781 annis
636 2706 746 2782 teneris

366 2821 532 2900 applicetur
552 2823 665 2898 litteris,
741 2870 757 2878 ..

365 2925 390 2987 si
411 2929 488 2989 forte
509 2941 583 2990 nutu
604 2928 720 2990 domini

350 3017 434 3093 'huic
454 3033 511 3095 flos
532 3034 619 3094 detur
640 3031 760 3111 ingenii.

315 3163 355 3202 rso
367 3151 552 3217 reponantur
572 3150 602 3200 et
623 3139 734 3212 tabule,

365 3259 427 3321 que
447 3241 507 3302 sint
527 3241 567 3303 illi
589 3241 739 3315 continue,

365 3356 400 3405 vt
420 3345 452 3406 in
473 3345 544 3426 ipsis
564 3345 737 3427 perspiciet,

364 3449 438 3529 quid
460 3463 540 3530 aget,
563 3452 637 3532 quid
658 3451 809 3531 expediat.

366 3553 399 3614 Si
419 3553 534 3616 timoris
554 3557 675 3635 spiritus

315 3685 353 3724 rss
365 3657 522 3738 inpleuerit
541 3661 623 3722 hunc
643 3661 755 3734 celitus,

365 3765 441 3825 forte
463 3764 563 3825 matris
585 3765 707 3827 sceleris

365 3879 396 3930 et
416 3867 533 3948 paterni
553 3869 685 3930 criminis

364 3992 428 4035 non
449 3973 505 4034 erit
524 3985 606 4036 totus
627 3973 786 4048 inmemor,

366 4095 428 4155 quo
450 4077 547 4155 magis
568 4078 607 4139 sit
627 4078 778 4152 humssior,
928 4078 951 4118 f

314 4194 355 4245 7⁶0
366 4180 476 4258 Sisque
497 4181 550 4240 fiat
571 4179 695 4241 domino
