3075 4600
812 240 1021 330 „74-

692 450 782 511 prece
803 443 894 488 orans
916 420 1038 483 assidua

634 557 685 605 ,φο
697 533 754 597 illis
776 528 888 595 remitti
908 524 1006 587 noxia

695 643 734 702 Et
753 634 915 719 ignorabat
935 627 1063 710 penitus,
1098 638 1103 645 ’

695 745 779 826 quod
799 758 932 819 nequam
953 734 1035 794 illum
1055 728 1177 809 spiritus
1234 779 1240 800 ,

697 862 786 911 nocte
807 845 916 924 dieque
937 837 1069 900 stimula

698 968 728 1016 et
749 955 890 1031 frequens
908 944 1005 1006 scelus
1024 937 1158 1000 cumulat

637 1079 687 1127 ¹⁴⁶⁵
702 1043 794 1122 miser
813 1074 884 1115 cum
905 1059 1001 1111 matre
1014 1042 1152 1123 propria3

704 1164 758 1225 sed
780 1160 830 1223 dei
851 1151 1006 1238 paciencia

699 1262 880 1345 longanimis
901 1256 1051 1333 sustinuit,

703 1390 762 1453 que
782 1370 887 1447 lapsos
909 1363 958 1443 pie
980 1356 1109 1438 corrigit.

542 1606 545 1609 ·
672 1572 846 1673 Incipit
870 1568 988 1643 liber
1011 1561 1194 1637 tertius.

687 1759 946 1841 Capitulum
977 1749 1167 1831 primum.

709 2334 768 2394 que
789 2308 920 2391 amplius
940 2312 1126 2386 cognouerat

690 2420 747 2488 sin
768 2415 883 2478 ambitu
902 2407 1032 2474 cubiculi

714 2532 830 2584 secreta
849 2516 897 2580 sui
914 2514 1039 2578 domini.

714 2630 784 2714 Hac
805 2621 913 2686 ceteris
932 2617 1062 2681 astucior

717 2745 748 2795 ct
768 2729 870 2791 auimo
891 2721 1042 2787 uersucior

667 2864 673 2874 ·
716 2833 933 2899 considerabat
954 2826 1054 2902 tacite,

678 2974 703 3002 ιο
715 2961 775 3022 que
795 2939 979 3020 gerebantur
999 2930 1110 2994 abdite

718 3049 798 3108 Nam
821 3061 890 3103 mos
910 3050 975 3101 erat
994 3034 1135 3116 gregorio
1193 3089 1197 3095 ,

721 3150 856 3232 quodam
875 3142 936 3206 diei
956 3141 1061 3221 spacio

722 3253 895 3316 cubiculum
916 3246 1079 3308 ascendere

721 3372 753 3422 et
774 3358 892 3420 tabulas
913 3351 1070 3432 respicere,

683 3497 707 3533 ιε
720 3482 782 3545 que
802 3462 887 3523 illum
907 3456 940 3518 in
959 3453 1117 3518 continuas

695 3571 697 3574 ’
722 3566 837 3631 doloris
857 3571 979 3624 vertunt
998 3558 1138 3620 lacrimas

724 3675 774 3747 Et,
796 3672 870 3732 dum
889 3668 946 3728 iret
961 3661 1131 3734 reficimus,

725 3779 864 3859 perfusus
884 3770 962 3834 redit
980 3768 1108 3841 fletibus,
1161 3763 1164 3768 ’

729 3883 813 3963 quod
832 3880 1020 3942 testabantur
1037 3871 1155 3933 lumina
1266 3894 1271 3900 ·

688 4019 714 4046 ιο
727 3990 766 4052 de
791 3982 924 4048 lacrimis
944 3977 1097 4042 rubencia.

729 4094 799 4154 Hec
819 4088 1004 4152 obseruabat
1023 4079 1134 4144 callida

729 4198 837 4259 horam
854 4204 886 4254 et
905 4191 992 4252 fletus
1012 4199 1153 4266 tempora
