3075 4600
746 258 754 287 l

828 310 1040 385 *³⁶-

667 506 704 543 ης
719 477 806 537 annis
827 476 963 539 decursis
982 470 1103 541 teneris.

715 583 784 641 Hec
804 594 892 660 pater
910 583 990 643 solus
1012 596 1148 659 nouerat,

716 684 768 764 qui
792 688 874 747 solus
895 686 955 748 ista
974 689 1089 766 legerat

716 803 746 851 et
767 790 867 853 retulit
888 791 1084 853 creberrimas

715 895 745 955 in
767 895 860 957 corde
882 895 994 958 christo
1015 896 1140 975 gracias,

667 1029 705 1065 15⁰
718 998 811 1076 Quod
832 1000 931 1062 iuerat
949 1001 1111 1062 infantulus

716 1114 911 1165 conseruatus
931 1102 1083 1178 diuinitus,

717 1227 748 1269 se
772 1228 897 1287 sperans
918 1208 1002 1271 omni
1022 1210 1122 1271 studio

717 1316 931 1375 obsecuturum
952 1315 1087 1393 paruulo.

718 1418 766 1479 his
786 1430 874 1480 erant
893 1429 1011 1481 tantum
1033 1419 1147 1480 oonscii

668 1550 704 1587 us
718 1534 778 1583 tres
800 1520 833 1582 hi
855 1522 909 1583 viri
929 1522 1088 1585 notissimi.

717 1627 788 1687 Hoc
809 1639 913 1688 mmen
934 1627 1085 1690 credimus

716 1730 755 1792 de
776 1730 863 1793 dictis
884 1730 1094 1810 piscatorium,

715 1835 798 1914 quod
820 1854 891 1896 vere
912 1836 1019 1897 iratres
1040 1835 1152 1897 suerint

718 1958 825 2002 vrores
846 1951 878 2001 et
898 1938 1067 2002 habuerint.

668 2064 705 2103 ιω
718 2046 807 2125 Ipsos
828 2046 925 2106 abbas
946 2055 1146 2117 contruxerat,
1167 2076 1171 2082 ·

718 2169 793 2229 quos
815 2163 847 2212 et
865 2151 972 2211 fideles
992 2163 1128 2224 nouerat,

717 2267 749 2317 ut
772 2256 829 2317 hec
851 2267 973 2317 seruent
993 2254 1121 2317 fideliter

718 2372 830 2421 vouent
852 2359 1116 2435 sacramentaliter,

718 2476 751 2526 vt
773 2466 834 2526 hoc
855 2483 947 2526 uerno
969 2465 1117 2545 percipiat

668 2585 705 2634 2⁶5
718 2569 773 2630 sed
793 2567 877 2642 istud
895 2587 1003 2657 ornnes
1022 2571 1124 2629 lateat.

766 2751 990 2832 Capitulum
1010 2754 1109 2812 1111·-

717 2887 914 3056 FRatrum
937 2987 1056 3049 diuersa
1077 2989 1176 3051 suerat

719 3113 793 3169 sors,
815 3102 850 3154 vt
870 3094 991 3154 fortuna
1012 3092 1125 3153 iecerat

719 3198 807 3260 istum
829 3197 954 3277 quidem
975 3215 1148 3276 pauperem,

718 3303 802 3364 illum
823 3321 898 3364 vero
919 3301 1053 3364 diuitem.

670 3438 707 3476 170
719 3409 839 3487 Pauper
860 3409 1004 3470 manebat
1025 3407 1175 3487 proprius,

720 3512 806 3574 diues
828 3529 901 3572 vcro
924 3511 1073 3574 remocius
1163 3558 1166 3563 -

718 3618 759 3678 ad
780 3616 902 3678 mssiaris
924 3616 1068 3697 spacium.

718 3724 859 3802 frequens
882 3721 963 3783 circa
983 3719 1142 3800 negocium

718 3840 751 3888 ut
772 3846 819 3890 res
840 3827 959 3889 instans
979 3836 1176 3905 proposcerat
1241 3907 1243 3911 Ι

670 3962 706 4000 ¹⁷⁵
720 3945 750 3994 et
771 3944 857 4012 pater
877 3932 1086 4011 imperauerat.

718 4039 836 4117 Pauper
854 4037 987 4099 habebat
1008 4039 1161 4116 paruulos,

719 4141 803 4204 diues
825 4142 880 4203 sed
901 4143 999 4203 nullos
1019 4141 1140 4213 liberos,
1239 4173 1241 4177 .

722 4246 776 4305 sed
797 4255 915 4306 tantum
936 4243 1058 4305 vuicam
