3075 4600
805 346 1014 403 ...82-

648 532 718 574 cum
740 514 893 592 paululum
914 509 974 570 iam
995 508 1117 570 domina

646 616 786 678 extiterat
804 614 950 677 letissima

648 720 737 783 nullis
759 722 879 781 turbata
901 718 1040 789 motibus,

596 841 637 883 2⁶0
649 825 704 887 sed
725 823 797 886 totis
818 833 959 885 constans
981 821 1090 882 virilius

648 927 740 989 nichil
762 929 895 989 habebat
915 925 1065 987 turbidum

648 1031 742 1093 nichil
764 1033 848 1110 quod
870 1041 949 1091 esset
967 1027 1176 1108 languidum«

653 1138 782 1208 nsunt«²
801 1133 851 1207 ait,
875 1134 960 1209 rhet,
981 1145 1014 1194 rt
1036 1132 1141 1207 dicitis,

648 1251 751 1301 tamen
774 1257 845 1300 vere
866 1238 1016 1311 noueritis,

598 1362 637 1412 ιω
650 1346 735 1424 quod
756 1344 788 1405 in
810 1340 909 1424 [h]ora
929 1343 1092 1405 nouissima

651 1459 698 1510 est
719 1449 884 1511 constituta
903 1448 1053 1509 domina«

759 1712 986 1791 Capitulum
1014 1712 1077 1769 Xu-

654 1878 783 2049 (Dor
803 1969 886 2030 nullu
908 1986 993 2028 mora
1012 1967 1107 2026 luerat

656 2096 747 2139 cursu
769 2073 866 2137 veloci
888 2079 1037 2151 properat.
1081 2110 1084 2113 -

655 2184 697 2244 ad
718 2179 875 2243 dominam
896 2172 1059 2255 gregorius,

605 2318 645 2356 m
656 2286 710 2367 qui
731 2284 787 2346 luit
807 2277 1037 2345 iucundissimus

658 2393 751 2453 finem
773 2388 843 2451 lecit
859 2383 960 2447 leticie

659 2497 786 2576 planctu
806 2503 903 2552 taetus
926 2487 1051 2559 miserie,

579 2608 581 2614 ’
659 2619 752 2680 quam
774 2597 956 2676 gaudentem
977 2591 1134 2669 reliquerat

660 2703 780 2766 tristem
801 2699 890 2762 nimis
913 2696 1073 2757 inuenerat.

605 2839 649 2877 ηε
662 2807 817 2871 Perierunt
837 2823 892 2883 per
912 2799 1015 2861 omnia

662 2908 857 2975 iocunditatis
879 2905 987 2967 federa

665 3019 747 3080 Nam
769 3007 825 3074 suit
845 3009 946 3071 vxoris

664 3118 783 3202 species
804 3129 835 3179 et
855 3115 952 3175 forma
972 3109 1093 3172 doloris.

665 3227 795 3288 Prorsus
816 3231 932 3280 mutata

609 3348 654 3388 aas
666 3326 805 3390 morienti
826 3324 887 3384 inm
908 3321 1053 3382 simulata.

667 3435 720 3494 Me
742 3431 885 3492 miserum
905 3444 997 3505 quam
1018 3422 1118 3484 subita

668 3539 754 3600 bona
776 3545 845 3596 sunt
865 3528 1040 3609 temporalia

668 3661 729 3721 que
749 3641 812 3702 iam
833 3640 915 3698 luere
936 3630 1046 3713 gaudia

668 3765 751 3808 nunc
772 3746 862 3824 plena
884 3749 954 3802 sunt
973 3735 1102 3797 miseria

614 3868 658 3908 aaa
669 3851 727 3912 sub
748 3851 865 3911 incerto
886 3854 954 3905 suut
974 3840 1078 3902 omnia

670 3955 769 4018 futura
790 3930 1028 4015 tantumsecula

671 4057 736 4120 sine
757 4058 818 4118 fine
839 4063 909 4114 sunt
929 4048 1030 4110 valida

672 4161 728 4224 sed
748 4171 853 4221 tamen
874 4155 960 4236 quasi
976 4148 1159 4232 languidus·
1255 4176 1264 4188 ·

675 4265 721 4326 sic
742 4262 840 4324 intulit
862 4257 1029 4340 gregorius:
1155 4247 1159 4254 ’
