3075 4600
792 246 1001 317 ..46-

676 422 727 471 aut
748 410 884 472 snbbnlci
906 411 1038 471 officium

626 542 664 580 os
677 516 810 593 expleret
830 515 1010 595 diligentins,

676 637 715 680 ne
737 639 794 681 nos
814 632 951 700 granaret
970 621 1132 700 orphanus,

681 723 735 783 sed
758 723 943 813 mendicaret
962 724 1079 805 penitus

678 828 717 889 de
739 848 854 900 mensa,
877 830 904 890 si
924 828 1129 909 pauperrimus

678 932 797 994 abbatis
816 933 868 994 hic
888 953 951 995 non
971 932 1084 995 sineret

631 1066 670 1104 ,ω
683 1049 713 1097 et
733 1038 814 1099 hunc
835 1038 971 1117 prodeo
992 1048 1137 1117 pasceret.

635 1173 637 1176 v
682 1142 743 1202 Hic
765 1142 887 1204 minime
911 1162 945 1205 se
964 1142 1070 1223 recipit

682 1266 737 1326 pro
759 1249 869 1327 gracia,
891 1267 983 1326 qnam
1004 1237 1132 1327 percipit

681 1352 800 1414 abbatis
818 1351 966 1415 beneficio

680 1455 920 1518 circumamictus
940 1455 1031 1517 vario.

631 1589 668 1628 sos
684 1560 773 1623 Istius
793 1560 970 1640 arrogancia

684 1666 735 1725 diu
758 1685 819 1726 non
840 1665 933 1726 stabit
954 1663 1061 1735 valida,

669 1770 756 1829 'dum
778 1768 892 1836 eunctis
912 1766 1081 1839 innotuerit,

683 1874 749 1952 quis
773 1875 811 1936 sit
832 1886 862 1937 et
881 1875 963 1936 vnde
984 1869 1135 1935 veneritis

582 2525 583 2528 ’
637 2539 678 2578 ,20
690 2511 814 2572 nutricis
835 2511 935 2593 serbis
956 2507 1074 2570 territos

692 2616 868 2676 anxiabatur
888 2613 996 2676 misere

689 2721 741 2782 tali
764 2722 923 2782 verborum
944 2717 1027 2780 serie

691 2827 769 2887 Nam
791 2843 927 2904 puerum,
949 2824 1020 2884 dnm
1040 2823 1160 2891 leserat,

691 2930 791 3010 ipsnrn
812 2939 932 2990 secutus
952 2928 1048 2989 inerat

644 3063 682 3102 sus
696 3037 735 3097 ad
757 3034 861 3095 matris
881 3031 1092 3103 habitaculum,

695 3141 767 3202 dnm
790 3137 944 3199 metuebat
964 3136 1123 3216 plurimum

695 3245 790 3324 ipsam
811 3242 925 3304 offendi
946 3241 1072 3312 fletibus,

696 3352 769 3412 dum
790 3350 870 3410 lesus
892 3345 1005 3426 plangit
1025 3345 1110 3406 filins.

696 3457 776 3517 Nam
797 3464 920 3534 propter
940 3448 1149 3513 innocenciarn

659 3590 685 3618 ω
697 3574 728 3622 et
746 3578 852 3640 puram
872 3555 1093 3620 conscienciam

696 3684 758 3727 non
780 3665 920 3744 sperabat
940 3661 1027 3722 sacsse

698 3770 761 3832 eius
784 3770 924 3829 affectum
944 3765 1069 3846 perdere

698 3886 739 3948 et,
760 3875 844 3954 quod
865 3871 976 3933 inuitus
997 3870 1117 3943 fecerat,

698 3980 892 4060 complanare
913 3984 1093 4057 sperauerat

649 4114 687 4154 ω
700 4086 761 4146 Sed
783 4094 943 4164 postquam
966 4092 1011 4143 tot
1031 4075 1213 4140 clamoribus

701 4187 822 4259 audiuit,
844 4187 927 4264 quod
949 4181 1101 4263 gregorius
