3075 4600
808 312 849 324 -
893 283 934 357 9⁶
976 309 1019 321 ..

687 446 856 507 Permansit
876 450 996 525 quoque
1017 444 1126 507 tacitus

638 581 677 609 ιω
689 552 791 613 donec
811 550 947 629 piscator
965 547 1075 628 impius

688 654 889 737 perquirebat,
911 665 946 715 nt
964 653 1083 727 referat,

688 760 755 838 quis
777 759 816 820 sit
835 770 866 822 et
887 758 969 820 unde
988 768 1120 821 venerat.

689 864 744 925 nte
770 882 883 935 asum«,
903 860 1017 941 inquid,
1043 860 1167 925 »maius

689 968 728 1029 de
749 966 907 1027 transactis
928 964 1101 1039 soelenbua,

640 1101 676 1139 aas
689 1090 748 1151 qlle
769 1070 941 1151 pefptimlli
959 1068 1060 1148 impie,

691 1194 773 1237 nunc
793 1194 917 1254 sperans
938 1173 1110 1235 satisfacere
1160 1167 1164 1173 ⁸

689 1279 805 1353 factori,
827 1298 917 1359 quern
939 1278 1125 1339 offenderam

665 1380 672 1393 ’
690 1395 721 1445 et
742 1384 792 1444 hic
813 1385 988 1462 speluncam
1009 1401 1174 1462 congruam

692 1506 759 1547 sum
781 1486 917 1549 inuenire
938 1483 1075 1567 cupidus,

643 1620 682 1657 ago
695 1602 728 1651 Vi
749 1609 856 1651 vacem
877 1590 1034 1652 Soiifflilll.

691 1693 752 1775 Hic
772 1713 836 1756 non
857 1696 1018 1774 sperabam
1039 1693 1178 1757 homines

690 1798 744 1859 sed
765 1788 843 1859 ieras
862 1800 952 1877 lupos
969 1809 1001 1859 'et
1019 1797 1140 1873 bestias,
1269 1868 1276 1872 ,
1419 1853 1424 1861 .

690 1903 745 1969 sed
766 1894 848 1963 nunc
868 1912 920 1963 tua
941 1902 1107 1981 presencia,

654 2024 657 2031 ·
690 2026 765 2068 sana
786 2006 881 2068 donet
900 2006 1036 2079 consilia,

645 2139 681 2179 235
693 2122 727 2171 rt
748 2112 922 2189 speluncam
943 2108 1105 2183 inueniam,

690 2232 751 2293 qua
771 2214 831 2275 deo
852 2214 925 2276 satis
945 2214 1054 2275 faciam
1156 2293 1160 2300 Ι

691 2338 747 2401 pro
768 2313 925 2381 transactis
945 2317 1116 2390 sceleribus,

691 2437 725 2486 vt
746 2423 819 2485 milri
838 2423 877 2484 sit
896 2421 1075 2504 propicius«

678 2630 910 2711 Capitulum
939 2628 1157 2708 septimum.

692 2753 794 2926 HD
814 2839 873 2900 hec
891 2835 1025 2918 piscator
1043 2835 1144 2898 remlit

643 2974 682 3011 ψ
694 2963 753 3006 nec
774 2954 875 3004 tamen
897 2941 948 3020 pie
967 2939 1067 3002 intulit

691 3049 794 3116 uerba,
814 3064 875 3123 que
895 3055 1104 3124 proposuerat,
1130 3087 1133 3090 >

693 3153 768 3212 dum
791 3151 939 3211 deterrere
959 3149 1096 3228 cogitat·

694 3256 761 3335 plus
782 3270 874 3332 quarn
896 3250 986 3313 solari
1006 3251 1131 3314 mittem

692 3356 794 3422 eluisti
814 3368 953 3436 tyronem
974 3357 1125 3421 nobilem:

644 3492 681 3530 243
699 3463 748 3525 »Si
766 3473 850 3523 tuum
872 3472 918 3523 est
939 3462 1128 3540 propositum

511 3652 518 3659 ¹
570 3577 573 3582 '
694 3577 828 3648 prestare
849 3564 1024 3638 solitarium,
1114 3585 1118 3591 ·

693 3673 795 3734 locum
816 3670 993 3732 monstrabo
1012 3689 1179 3749 congruum

693 3775 864 3856 lugentibus
885 3773 1082 3853 aptissimum,

693 3899 784 3961 quem
806 3880 1004 3959 procellarum
1024 3877 1141 3941 validtu
1197 3926 1214 3947 .,

645 4012 683 4050 ‚so
694 3985 796 4064 fragor
815 3981 955 4062 impingit
976 3981 1086 4061 sepius,

696 4088 804 4148 nullius
824 4097 872 4148 est
892 4087 1026 4149 aocessio
1056 4124 1062 4132 ·
1132 4123 1135 4128 -

701 4191 743 4253 ibi
763 4211 822 4254 nec
841 4190 1026 4265 consolacio,
