3075 4600
227 370 282 432 iter
301 372 425 454 arripuit
445 375 580 449 noxium.

226 494 295 537 cum
317 492 490 557 soporatam
512 494 657 559 cerneret,

227 591 260 640 vt
280 584 363 661 quod
383 584 516 663 appeciit
535 589 706 665 perficerem

176 682 213 749 iss
226 698 256 745 et
277 688 412 749 revoluto
433 689 566 752 tecmine

227 791 304 851 clam
326 802 392 853 toto
413 806 539 872 pectore

227 892 283 971 ipsi
304 896 505 976 coniungitur.

226 1000 384 1078 complexu
405 1001 518 1063 collum
540 1002 704 1084 stringitur,

226 1122 260 1163 os
282 1103 327 1165 ori
348 1106 563 1185 conpremitur,

170 1234 216 1273 ,so
228 1206 270 1268 sic
289 1228 348 1288 que
369 1211 484 1271 clamor
505 1211 700 1292 restringitur.

226 1314 282 1373 Illa
301 1334 463 1394 sompnum
485 1316 619 1392 discutit,

226 1436 283 1477 nec
304 1429 405 1480 tamen
428 1421 518 1500 piene
539 1421 676 1501 percipit,
700 1457 713 1479 ·.
778 1455 781 1461 ’

225 1521 292 1599 quis
313 1522 410 1602 ipsam
432 1524 643 1589 constrinxerit
728 1580 732 1586 .
766 1578 774 1588 .

226 1626 315 1687 frater
336 1648 376 1688 an
398 1629 472 1689 alter
493 1630 611 1710 aliquis.

178 1756 215 1794 sss
230 1731 299 1805 Sed,
318 1742 352 1793 vt
373 1734 495 1795 fratrem
516 1754 582 1797 esse
603 1750 748 1811 senserat,
770 1735 894 1818 inquid:

231 1836 338 1898 >irater
358 1836 524 1915 karissime,
667 1857 670 1863 ·
928 1842 971 1881 ··’

224 1941 297 2020 quid
318 1941 450 2003 intentas
470 1944 590 2006 facere?

226 2044 326 2125 Signa,
349 2058 380 2107 te
399 2048 497 2126 signa,

225 2148 250 2209 si
271 2150 449 2213 machinaris
471 2150 622 2233 maligna!

176 2270 215 2312 ιω
226 2254 298 2316 Non
318 2255 398 2335 turpi
421 2275 471 2319 me
492 2260 616 2334 scelere,

226 2358 381 2438 contingas
402 2361 624 2426 amantissime!

229 2463 275 2524 Sis
294 2483 410 2526 memor
428 2465 486 2526 diri
506 2466 627 2529 sceleris

225 2587 263 2629 ac
284 2568 392 2630 uterini
412 2569 604 2650 sanguinisi‹

227 2674 309 2734 Inter
327 2672 386 2736 ista
406 2675 531 2754 cogitat,

175 2792 212 2842 ιο,
224 2778 334 2840 clamet
352 2797 392 2840 ne
412 2797 452 2839 an
474 2779 583 2842 stent?

226 2883 281 2944 sed
301 2881 374 2944 vicit
394 2885 581 2946 verecundia
652 2891 655 2894 ’

224 2988 382 3050 hominum
404 2987 445 3050 ad
465 2988 548 3049 talia

224 3092 279 3154 lile
298 3091 390 3153 nichil
413 3092 525 3154 verinis

225 3198 304 3258 hanc
324 3196 502 3276 constringit
519 3195 617 3260 arcius

176 3312 258 3370 met
277 3301 425 3380 pudorem
448 3304 548 3383 rapuit

224 3403 361 3484 hostique
381 3408 525 3486 gaudium
546 3406 654 3469 intulit.

228 3509 275 3569 Sic
295 3522 469 3590 perpetrato
491 3515 605 3576 scelere

227 3633 307 3676 mors
329 3615 477 3679 incumbit
496 3619 599 3679 anime
674 3629 679 3640 '

226 3729 256 3780 et
277 3719 381 3782 mortis
403 3720 595 3802 stipendium,
670 3712 674 3719 ’

178 3850 216 3891 ‚n
229 3826 311 3903 quod
331 3844 446 3888 merces
468 3837 515 3888 est
536 3826 742 3907 peccantium.

226 3929 255 3990 Ο
274 3929 414 4008 pestifera
432 3932 597 4010 persuasio,

227 4051 286 4113 que
305 4033 427 4095 insertur
448 4055 467 4094 a
488 4035 633 4112 dyabolo,

226 4156 318 4216 quam
340 4136 543 4200 miserhomo
563 4138 696 4219 suscipit,
