3075 4600
471 172 483 212 i

443 222 472 249 ,u

403 476 405 481 Ι
424 407 498 458 arte.
521 372 629 459 “Nunc
649 416 722 475 ergo
738 395 790 476 qui
802 396 967 477 aliquando
981 398 1089 460 fabulis
1105 396 1230 459 scenicis
1244 398 1376 460 intentus
1391 396 1492 459 fuisti.

424 499 485 562 iam
515 512 692 563 conuertere
720 500 777 580 piis
804 502 911 564 studiis
930 503 971 564 ad
992 504 1086 565 verba
1107 502 1238 564 christi:
1266 521 1324 565 nec
1349 502 1380 563 in
1400 502 1493 563 corde

425 616 478 665 tuo
493 625 647 686 proponas
662 616 782 683 tempus
792 606 933 670 iuentutis
949 609 1003 670 sed
1018 608 1116 688 magis
1130 608 1283 687 applicare
1297 608 1337 669 ad
1354 607 1493 669 semitam

426 708 552 771 virtutis.
589 712 665 772 Sunt
686 709 767 769 enirn
790 712 890 790 plures
911 712 963 773 tali
983 712 1115 775 ludibrio
1132 712 1246 775 seducti
1266 712 1319 790 qui
1336 712 1494 791 peccando

426 825 547 893 tempus
576 815 634 875 sibi
662 815 842 893 promittunt
865 865 872 879 .
895 829 926 879 et
953 819 1027 879 dum
1055 817 1137 879 diem
1164 818 1306 897 ignorant
1332 816 1493 877 crastinum

429 930 556 997 pereunt
585 920 625 979 ad
647 930 759 980 tartara
781 920 871 981 ducti.
915 923 951 981 ln
977 923 1155 985 memoriam
1176 920 1277 983 veniat
1298 922 1382 999 quod
1400 921 1496 981 ilrem-

431 1024 527 1083 salem
556 1036 671 1097 castra,
701 1044 757 1085 ceu
778 1039 880 1087 narrat
900 1026 952 1105 qui
971 1028 1048 1107 regit
1073 1040 1171 1100 astra,
1194 1026 1334 1104 linquens
1360 1024 1497 1087 aseendit

429 1126 553 1206 quidam
585 1127 781 1209 iherichoque
801 1130 938 1192 tetendit
983 1133 1052 1193 Hec
1072 1134 1113 1194 de
1134 1132 1370 1212 prothoparente
1390 1142 1497 1191 nostro

426 1231 560 1293 christus
586 1232 687 1295 intulit
705 1280 713 1296 .
729 1254 788 1297 nec
816 1248 919 1297 tamen
943 1237 1043 1299 minus
1073 1256 1128 1317 per
1155 1238 1212 1297 hec
1233 1236 1327 1321 rerba
1348 1234 1499 1314 designari

427 1336 524 1398 voluit
547 1326 728 1417 ¹quemlibet
760 1353 954 1419 peccatorem
985 1342 1039 1421 qui
1064 1342 1167 1421 lapsus
1194 1340 1244 1401 via
1275 1339 1357 1419 regia
1387 1340 1499 1401 dellere

430 1443 531 1504 studet
562 1442 623 1503 vite
652 1442 759 1522 spolia.
802 1443 896 1522 Quod
924 1466 978 1525 per
1003 1446 1181 1507 iherusalem
1210 1444 1273 1506 siue
1303 1444 1436 1505 ihericho
1456 1444 1500 1505 in·

377 1576 379 1581 ·
432 1546 584 1626 telligatur
603 1567 695 1609 nemo
718 1547 888 1627 sapientum
909 1550 1048 1611 dubitare
1069 1560 1214 1629 putatur.
1232 1550 1287 1611 sed
1308 1548 1359 1627 qui
1374 1549 1500 1610 uerbum

434 1651 572 1713 doctrine
594 1651 738 1732 proposui
760 1652 944 1715 inconmune
964 1655 1107 1716 ommbus
1125 1654 1270 1734 prodesse
1285 1653 1377 1715 debui
1392 1665 1425 1715 vt
1437 1673 1501 1715 non

432 1756 524 1816 lateat
546 1755 716 1835 simplicem
739 1759 788 1818 uel
809 1757 1002 1837 insipientem
1025 1759 1108 1838 quod
1130 1778 1221 1820 nosse
1241 1778 1306 1819 non
1320 1760 1501 1839 ambigimus

429 1860 594 1938 quemlibet
609 1860 787 1941 sapientem.
811 1863 994 1924 ihemsalem
1007 1862 1093 1944 pacis
1104 1862 1179 1925 risio
1190 1863 1282 1928 ,luna
1292 1862 1502 1943 interpretatur

430 1964 565 2025 ihericho
607 1965 792 2027 Iberusalem
834 1966 952 2029 celestia
989 1968 1088 2047 patria
1119 2014 1126 2029 .
1154 1965 1316 2028 uolubssem
1353 1970 1500 2029 mundum

429 2068 579 2149 significat
611 2071 684 2133 luna
718 2084 882 2133 menstrua.
921 2071 1038 2134 Primus
1059 2074 1163 2152 itaque
1183 2091 1291 2156 parens
1323 2071 1500 2135 iherusalem

432 2173 586 2255 reliquid.
603 2176 676 2237 dum
708 2189 834 2257 propter
855 2175 999 2255 originale
1019 2191 1179 2258 peccatum
1200 2176 1231 2238 in
1252 2177 1334 2237 ltunc
1354 2180 1501 2239 mundum

430 2279 574 2342 exulauit.
621 2279 681 2359 Qui
709 2279 893 2360 despoliatus
921 2302 941 2343 a
962 2282 1133 2345 latronibus
1152 2330 1160 2344 .
1177 2280 1295 2345 relictus
1322 2293 1370 2344 est
1397 2282 1501 2346 abeis

428 2378 604 2448 semidiriiis
624 2433 630 2447 .
647 2387 722 2447 dum
750 2385 965 2448 inmortalitem
986 2387 1120 2466 perdidit
1135 2433 1142 2448 .
1157 2399 1188 2449 et
1215 2399 1345 2448 mortem
1368 2388 1503 2468 corporis

428 2504 459 2553 et
478 2493 580 2554 anime
599 2491 691 2552 miser
709 2489 835 2554 inuenit
875 2485 1049 2556 Semir'ririirs
1079 2506 1183 2555 tamen
1210 2502 1258 2554 est
1284 2491 1425 2555 relictust
1446 2492 1499 2572 qui

425 2597 557 2675 gemitus
579 2609 610 2658 et
625 2595 751 2674 suspiria
768 2642 776 2657 .
791 2597 832 2657 ad
846 2598 1060 2676 plasmatorem
1082 2598 1172 2659 traxit
1185 2597 1323 2658 afflictus.
1367 2597 1513 2683 Circumg

429 2701 581 2762 dederunt
602 2719 652 2762 me
674 2700 716 2760 ait
738 2701 868 2779 gemitus
886 2703 991 2766 mortis
1006 2705 1115 2765 misere
1136 2702 1187 2781 qui
1202 2701 1306 2781 pacior
1320 2701 1499 2764 sententiam

431 2807 530 2867 sortis.
567 2805 649 2866 Huic
673 2806 832 2867 vulnerato
849 2853 857 2868 .
872 2826 973 2886 neque
992 2812 1041 2870 lex
1062 2825 1162 2889 neque
1175 2806 1323 2886 prophete
1337 2808 1500 2870 subuenire

428 2923 593 2991 potuerunt
616 2957 623 2970 .
647 2908 698 2989 qui
725 2910 857 2972 eandem
885 2912 1072 2974 sentenciam
1107 2909 1293 2972 mortalitatis
1322 2909 1498 2975 inciderunt.

427 3015 489 3076 Sed
517 3026 620 3076 noster
647 3015 846 3077 samaritanus
875 3013 1034 3078 miserator
1062 3028 1093 3078 et
1122 3014 1188 3096 pius
1205 3013 1279 3091 .qui
1300 3033 1363 3076 non
1385 3015 1498 3077 dormit

425 3137 525 3198 neque
540 3118 686 3181 domnitat
703 3166 712 3181 .
728 3121 784 3182 sed
797 3140 917 3200 semper
929 3141 1000 3183 suos
1021 3119 1172 3182 advitam
1192 3137 1285 3197 quam
1305 3118 1499 3197 perdiderant

428 3221 558 3285 inuitat.
574 3223 657 3285 bunc
684 3223 717 3284 in
745 3244 834 3286 suum
863 3245 981 3306 ponens
1009 3226 1176 3287 iumentum
1198 3223 1386 3284 ,curandum
1414 3223 1499 3284 duxit

428 3328 622 3390 instabulum.
656 3330 760 3408 Ipsum
783 3330 949 3392 iumentum
972 3350 1081 3410 corpus
1103 3328 1291 3410 intelligimus
1313 3327 1498 3407 dominicum

428 3434 468 3495 de
499 3433 684 3495 inmaculata
714 3433 830 3514 virgine
852 3448 1052 3515 assumptum.
1097 3438 1269 3497 Iumentum
1302 3432 1383 3494 enim
1413 3433 1500 3513 quasi

430 3537 639 3600 iuuamentunr
660 3539 768 3602 dicitur
791 3541 864 3620 quia
877 3543 949 3602 dum
964 3561 1020 3622 per
1034 3541 1208 3621 passionem
1223 3552 1254 3600 et
1268 3538 1373 3600 mortis
1387 3558 1498 3618 penam

430 3643 593 3704 subcubuit
611 3691 620 3706 .
636 3647 823 3725 resurgendo
845 3665 902 3707 nos
916 3647 957 3708 ad
971 3647 1066 3706 vitam
1080 3645 1228 3726 perduxit.
1252 3646 1357 3722 Ipsum
1378 3661 1498 3724 quoque

430 3746 597 3808 iumentum
619 3766 708 3809 ouem
731 3749 928 3812 centesimam
949 3751 1101 3830 perditam
1121 3748 1253 3810 humeris
1274 3749 1336 3809 suis
1357 3748 1497 3828 inposuit.

431 3851 617 3931 gratulando
639 3854 680 3914 ad
701 3873 825 3933 gregem
845 3856 1018 3936 reportauit.
1050 3855 1208 3916 Stabulum
1230 3871 1303 3913 vero
1324 3873 1386 3931 quo
1406 3852 1499 3915 saucii

432 3969 576 4018 curantur
598 3967 629 4017 et
650 3957 780 4020 morbidi
797 4006 804 4020 .
820 3973 926 4022 sancta
946 3974 978 4023 et
998 3959 1150 4022 catholica
1174 3969 1219 4018 est
1239 3955 1365 4016 ecclesia
1384 3955 1416 4017 in
1437 3965 1514 4038 qua'

336 4050 340 4054 ⁸
430 4061 572 4122 omnibus
603 4063 644 4122 ad
672 4064 797 4141 plenum
826 4066 1002 4128 subuenitur
1023 4064 1110 4144 quod
1138 4081 1192 4142 per
1216 4062 1315 4140 legem
1336 4060 1497 4140 iudaycam

428 4167 600 4227 nullatenus
624 4166 803 4245 adinpletur.
833 4167 959 4228 Protulit
979 4180 1080 4227 autem
1096 4167 1296 4228 samaritanus
1317 4177 1420 4225 noster
1439 4178 1497 4224 sta·
