3075 4600
800 214 812 251 Ι

511 291 724 353 -ss-

400 448 518 516 patrem
542 442 648 504 vestris
670 448 855 529 mendaciis?

393 538 572 622 incipienter
591 547 698 623 facitis,

346 672 384 701 ιιο
396 646 488 709 Nunc
507 648 539 710 in
559 652 659 713 luceru
682 657 840 734 producite

392 761 425 811 et
446 763 525 813 tecta
546 756 716 834 patefacite,

393 854 465 933 quia
487 858 558 921 volu
576 862 749 942 prospicere

393 973 541 1025 secretum
563 964 639 1029 mihi
658 969 787 1032 credite!
833 988 838 997 ·

393 1062 469 1123 Mox
490 1069 616 1145 capsula
630 1070 811 1151 producitur

346 1196 382 1235 ης
394 1179 435 1239 et,
459 1171 541 1247 quod
563 1172 688 1251 latebat,
708 1180 849 1257 panditur

393 1284 425 1334 et
447 1274 566 1338 videtur
586 1279 756 1358 infantulus,

393 1378 446 1455 qui
467 1380 564 1444 suerat
586 1386 790 1463 absconditus,

393 1476 482 1545 simul
503 1500 604 1550 vestes
624 1511 772 1573 purpuree

393 1600 540 1653 contexas
561 1596 754 1672 assuandrie.
839 1664 842 1668 ,

345 1718 383 1747 ιω
396 1706 427 1753 et
449 1708 519 1757 sunt
539 1696 789 1781 incomparabiles

395 1816 453 1859 noc
475 1800 533 1862 alie
555 1803 613 1882 hiJ's
636 1806 755 1869 simsser.

392 1902 458 1964 Illic
480 1926 585 1970 aurum
607 1911 797 1989 purissimum

392 2006 479 2069 simul
500 2026 564 2074 erat
584 2016 748 2095 repositum

392 2124 423 2173 et
445 2116 546 2178 tabule
565 2118 727 2183 clarissime

344 2244 379 2281 ns
392 2236 432 2277 ex
451 2222 579 2298 gemmis
600 2234 632 2284 et
652 2244 690 2286 ex
710 2227 811 2288 ebore.
869 2217 873 2223 ¹

392 2322 498 2385 Abbas
521 2326 633 2392 decore
654 2331 739 2411 pueri

392 2431 532 2508 stupebat
551 2435 764 2511 venustissimi,

394 2551 453 2593 nec
474 2534 632 2600 diffidebat
653 2535 786 2601 nobileiu

391 2637 491 2699 forma
512 2640 601 2702 rebus
623 2654 685 2704 tam
707 2647 867 2710 oelebrem.

344 2768 382 2805 ¹30
394 2741 499 2803 Infans
521 2746 642 2822 pauoris
663 2750 782 2812 nescius

392 2864 450 2906 nec
471 2848 652 2926 gaudiorum
674 2854 797 2916 coucius

392 2949 503 3012 arridet
522 2951 737 3019 iucundissime
772 2963 783 2973 '

387 3056 470 3134 patri
489 3076 597 3120 sereno
617 3061 740 3129 lumine.

356 3205 359 3212 .
391 3162 497 3223 Abbas
518 3165 648 3244 respexit
668 3168 794 3243 tabulas,

262 3277 264 3280 ·
343 3291 379 3328 ηε
393 3263 424 3323 in
449 3267 557 3344 qurbus
578 3289 627 3332 res
648 3291 711 3332 nou
732 3273 839 3335 dubias

390 3367 469 3432 uidit
488 3373 528 3434 de
551 3385 619 3434 ortu
640 3376 723 3455 pueri

391 3486 422 3536 et
445 3491 635 3540 sacramento
658 3481 738 3554 fidei,

390 3578 486 3654 Quod
507 3584 675 3646 nasciturus
696 3586 797 3647 denuo

391 3682 429 3744 sit
449 3684 591 3747 babtismi
613 3689 757 3762 remedio,

344 3819 382 3855 uo
392 3808 455 3868 quo
476 3790 620 3852 solvimur
641 3813 660 3854 a
682 3793 807 3855 Vincunt

390 3894 545 3974 originalis
565 3896 708 3960 criminis.

390 3997 485 4072 Quod
505 3999 590 4059 omui
611 3999 649 4060 sit
670 4011 701 4061 et
721 3986 841 4062 studio'

390 4101 562 4176 pascendus
585 4101 650 4162 auri
669 4103 782 4180 precio.

390 4204 475 4279 quod
495 4204 693 4281 applicandus
712 4203 818 4288 litteris
845 4295 862 4326 ο

828 4309 845 4361 3
