3075 4600
74 3768 78 3775 ’
202 3769 219 3845 i

509 380 739 421 -ttt-

362 546 423 609 que
444 529 584 593 videntur
604 530 763 609 superflua.

360 639 422 702 Sed
443 654 501 697 nec
522 646 630 697 ornata
651 633 743 695 iacies

359 752 484 822 compta
505 756 605 817 neque
627 736 755 799 cesaries

308 876 347 915 ras
361 845 393 908 in
414 848 475 909 hoc
497 843 562 905 viro
583 839 750 921 conparuit,

361 950 411 1015 cui
431 960 511 1013 totus
533 944 650 1009 exaruit

363 1056 494 1117 muudus
515 1072 585 1117 cum
607 1050 669 1113 suis
691 1048 814 1111 toribus

362 1171 393 1222 et
413 1159 555 1222 omnibus
576 1154 741 1219 omatibus.

364 1254 465 1339 Quem
488 1281 595 1323 manus
617 1258 723 1323 domni
744 1256 845 1319 valida

311 1394 352 1433 w
364 1374 533 1427 mutauerat
554 1381 609 1442 pes
627 1361 739 1435 omnia,
772 1408 776 1413 .

363 1470 415 1550 qui
437 1488 491 1549 per
512 1465 628 1529 timoris
649 1465 786 1546 spiritum

366 1574 405 1635 ad
428 1582 550 1653 optatus
572 1570 602 1633 in
624 1570 717 1632 filiun

365 1690 485 1740 tenena
505 1676 729 1756 supergreditur

365 1784 527 1845 celestibus
550 1780 730 1859 adiungitur.

313 1916 353 1954 us
366 1886 491 1948 Nudum
509 1895 637 1945 cernunt
657 1882 795 1954 exterius.
871 1863 875 1869 ⁵
910 1926 923 1940 .

365 2010 457 2069 quem
476 1988 575 2050 induit
594 1987 716 2051 interius

364 2094 538 2176 prefulgens
557 2090 736 2153 innocencia

366 2212 397 2261 et
418 2192 527 2259 mentis
547 2194 755 2259 sanctimonia

366 2307 517 2382 Aspectus
538 2312 651 2363 terrent
670 2296 828 2361 hominurn

318 2437 357 2477 πο
369 2407 506 2471 diuinum
527 2405 692 2468 solitarium

366 2525 398 2576 et
419 2513 542 2574 volebat
562 2511 703 2590 effugere,

366 2637 445 2699 quos
467 2616 592 2677 nolebat
613 2612 799 2691 conspicere.

368 2722 428 2784 Sed
451 2731 646 2800 pregrauatus
667 2716 816 2796 compede
869 2720 873 2726 '
969 2747 975 2754 ·

369 2845 431 2887 non
452 2835 499 2886 est
521 2823 686 2903 permissus
708 2836 836 2889 currere,

317 2961 355 3000 sss
368 2949 459 3009 quem
482 2941 513 2991 et
533 2927 678 2989 arcebant
698 2923 819 2984 vincula

368 3047 399 3096 et
420 3032 571 3112 tybiarum
595 3033 726 3092 uulnera.
796 3066 808 3085 .-

369 3149 407 3200 et
421 3136 492 3216 quia
512 3137 614 3198 nudus
637 3135 734 3195 tuerat

369 3244 465 3304 herba
486 3241 633 3320 pudenda
653 3248 769 3299 texerat

370 3346 414 3410 sic
436 3366 456 3408 a
478 3345 678 3425 quesitoribus
833 3416 836 3425 Δ

319 3469 358 3520 7⁶0
370 3469 485 3530 pauper
504 3448 607 3510 christi
627 3445 781 3528 gregorius

371 3553 530 3626 inuenitur,
553 3551 738 3631 conspicitur

370 3671 401 3720 et
425 3657 578 3720 mirandus
599 3655 737 3728 efficitur,

372 3782 463 3843 quern
486 3761 539 3841 prii
558 3761 802 3823 deformauerant

371 3867 422 3945 qui
445 3877 543 3951 toturn
564 3883 674 3944 corpus
696 3870 830 3924 texerant

191 3947 194 3952 Ι
321 3988 358 4039 7⁶⁵
373 3971 458 4050 pellis
480 3982 549 4033 vsta
569 3981 603 4032 vt
623 3969 769 4046 clybanus

373 4089 517 4138 terrorem
539 4075 594 4137 dat
614 4070 819 4152 spectantibus

373 4189 404 4238 et
425 4179 533 4236 faciem
556 4177 724 4237 obduxerat
785 4183 790 4192 ‘
868 4173 870 4177 ’

373 4281 479 4350 barba,
501 4297 592 4356 quam
614 4293 677 4334 non
698 4275 856 4352 prebuerat
