3075 4600
909 43 917 50 u
986 49 988 52 .

822 63 826 69 .
851 61 995 75 »ἥψαο-...ω
1025 72 1030 75 .

832 324 1067 432 ..1344

686 543 726 587 ne
746 524 914 605 peccatoris
934 524 1075 587 sordibus

684 631 839 692 fuscentur
858 632 908 691 uel
928 628 1113 691 criminibus.
1196 632 1201 637 ’

685 732 790 808 Miror,
811 733 896 812 quod
916 732 988 795 solis
1009 733 1205 813 splendidum
1232 789 1234 792 .

631 839 773 906 noiubar
792 839 909 901 ermetis
928 838 1107 900 continuum
1147 887 1149 892 .
1205 884 1210 892 .

687 961 738 1003 me
759 942 900 1023 dignatur
919 943 1099 1022 perfundere

686 1036 805 1108 tantum
827 1047 964 1109 sedatum
985 1047 1107 1107 scelere.
1210 1092 1214 1098 .

685 1151 882 1231 Quapropter
902 1162 987 1212 tanta
1007 1150 1140 1230 dignitas

686 1266 718 1317 et
737 1254 888 1317 immensa
907 1254 1075 1316 sublimtas

554 1422 555 1425 ,
633 1377 673 1427 ⁸⁴⁵
687 1357 762 1420 mihi
783 1360 879 1434 detur,
900 1378 966 1421 non
983 1359 1076 1421 video
1173 1442 1176 1447 Ι

686 1474 750 1523 tam
772 1462 878 1525 ultimo
898 1474 963 1524 tam
986 1461 1128 1537 minimo!

686 1568 759 1629 Non
779 1566 854 1628 noui
875 1587 975 1628 mores
994 1567 1152 1629 hominum

687 1670 891 1733 subiectorum
910 1670 1085 1732 sublimium
1136 1713 1140 1719 -

685 1794 745 1837 nec
766 1786 855 1855 aptus
875 1789 976 1837 essem
997 1793 1112 1853 regere,

633 1898 675 1948 sn
686 1897 764 1958 quos
786 1898 836 1943 me
856 1879 995 1942 timerem
1015 1896 1168 1957 spernere.
1225 1959 1232 1963 ⁸
1259 1964 1264 1969 .

688 1985 800 2045 Sensus
818 2003 920 2046 mores
942 1980 1128 2064 perpendite,
1280 1966 1285 1970 ⁴

604 2077 609 2085 ’
686 2106 764 2166 quos
785 2086 894 2149 videtis
914 2088 1044 2149 deficere
1160 2089 1164 2095 ’

687 2192 784 2255 virtus
805 2192 976 2254 succumbit
995 2189 1103 2252 sirium

687 2298 803 2358 nullum
823 2295 855 2358 in
878 2317 928 2359 me
948 2275 1106 2359 solacium.

636 2419 676 2470 sss
689 2403 772 2480 Ergo
793 2401 900 2463 iratres
920 2411 952 2463 et
973 2399 1090 2464 domini

620 2539 623 2547 ·
689 2505 811 2567 infirme
827 2505 920 2567 vestri
941 2505 1053 2568 seruuli

687 2619 847 2672 cernentes
868 2620 932 2669 tam
953 2609 1121 2672 inualidum

689 2732 753 2778 non
775 2713 852 2774 detis
871 2711 904 2774 in
924 2714 1100 2776 ridiculum!
1137 2769 1142 2773 .

689 2821 810 2896 Pauper
829 2829 943 2898 exopto
964 2819 1071 2899 pocius

571 2907 573 2910 ⁵
638 2939 680 2984 sto
692 2922 800 2985 vestris
821 2921 918 2984 iuuari
937 2921 1086 3003 pronius,

691 3037 726 3088 ut
738 3026 830 3088 omni
851 3026 913 3088 vite
931 3038 1071 3107 tempore
1150 3082 1153 3085 .

691 3131 723 3192 in
744 3129 805 3192 isto
825 3132 969 3212 plangam
987 3131 1092 3211 lepide

691 3247 827 3316 peccata,
848 3254 909 3314 que
928 3234 1151 3304 commiseram.
1212 3279 1216 3288 .

690 3349 725 3400 ut
745 3339 790 3401 sic
811 3340 852 3402 ad
871 3340 965 3401 deum
985 3349 1147 3401 transeunt.

515 3471 520 3480 ·
639 3460 681 3511 ess
694 3443 786 3506 Nunc
805 3442 953 3522 septimus
974 3455 1006 3505 et
1026 3443 1161 3506 decimus

692 3565 789 3610 annus
810 3560 894 3611 extat
913 3547 1115 3627 plenissimus,

691 3669 755 3730 quo
776 3664 919 3732 torqueor
940 3653 981 3715 de
1001 3652 1127 3714 crimine

695 3768 824 3820 minens
844 3756 878 3818 in
898 3755 1069 3820 solitudine.

692 3857 736 3920 Sit
757 3860 832 3923 mihi
852 3861 1038 3937 consummo,
1060 3869 1063 3876 '
1166 3915 1171 3921 .

636 3978 680 4030 *νο
692 3966 777 4042 quod
798 3985 854 4028 vos
874 3966 980 4029 fideles
1001 3967 1094 4029 rideo
1176 4023 1179 4026 ,

689 4067 752 4130 inm
774 4087 856 4130 nunc
874 4082 976 4132 cesset
995 4071 1109 4134 locutio

691 4171 724 4233 in
746 4184 849 4236 vestro
869 4175 983 4237 vadem
1005 4175 1117 4255 placito
1127 4173 1154 4237 l«
1175 4233 1179 4238 ,
