3075 4600
481 234 672 333 ..9.-

208 416 261 500 qui
282 438 379 501 vsque
399 420 492 483 hodie
512 440 610 502 genus
630 431 721 485 vexat
740 422 918 496 humanum,

213 534 245 585 et
265 522 317 603 qui
337 524 369 586 in
388 525 530 606 paradiso
552 525 725 589 deliciarum
747 526 839 588 adam

162 659 200 697 η.
213 628 331 691 seduxit
351 648 407 711 per
428 629 582 705 seminam,

208 713 274 812 ipse
294 752 376 797 nunc
397 753 453 815 per
474 753 590 796 marem

209 854 405 919 corrumpere
424 850 554 921 temptat
574 838 719 901 feminam

212 953 252 1016 et,
275 962 345 1004 cum
364 954 489 1024 propter
509 943 724 1005 verecundiam
746 940 922 1003 muliebrem

213 1045 311 1126 magis
333 1047 472 1109 videatur
492 1047 661 1122 continens,
683 1045 806 1127 propria
826 1057 929 1107 tamen

159 1180 197 1220 ης
212 1152 398 1215 formositate
419 1171 493 1233 sepe
514 1150 712 1215 circumvenit
732 1169 856 1213 marem.

208 1258 281 1319 Hoc
301 1257 400 1320 sciens
421 1258 551 1321 callidus

205 1361 364 1424 insidiator
383 1361 477 1443 ipsius

208 1466 304 1529 oculis
325 1465 430 1527 iniecit
449 1465 670 1528 formositatem
692 1463 878 1526 muliebrem.

212 1569 309 1649 Igitur
330 1570 493 1649 dyabolica
513 1572 707 1651 suggestione

158 1691 197 1731 rao
210 1684 242 1735 et
262 1673 376 1735 carnali
397 1674 572 1739 titillacione

206 1777 323 1841 iuuenis
342 1777 466 1858 quidem
489 1779 620 1861 primum

208 1884 305 1945 scelus
326 1884 488 1960 exhorruit,

206 1989 262 2050 sed
285 1986 381 2067 magis
402 2009 439 2051 ac
460 1989 558 2071 magis
579 1986 689 2051 rororis
710 2004 783 2049 eum

209 2091 383 2172 speciositas
404 2092 605 2174 inquietauit.

157 2215 194 2266 xrs
207 2197 355 2277 Proponit
375 2195 406 2259 in
424 2198 539 2272 animo,

209 2320 367 2382 nunquam
388 2302 559 2365 consentire
581 2300 736 2381 dyabolo;

208 2407 264 2468 sed
285 2417 402 2467 rursum
424 2404 602 2468 sensualitas
623 2405 758 2478 incaluit,

206 2529 266 2592 que
287 2509 427 2571 iuuenem
449 2510 535 2588 quasi
556 2509 711 2591 captiuum
730 2509 829 2571 trahit.

208 2613 322 2678 resistit
341 2612 424 2675 racio

157 2750 195 2790 roa
209 2719 314 2782 (licens
335 2718 367 2780 in
388 2716 509 2782 animo:

135 2848 137 2854 ,
210 2842 384 2903 »nunquam
405 2823 595 2897 consencias,

205 2928 299 3010 patris
319 2928 436 2991 monita
455 2929 622 2992 custodias.

205 3037 304 3114 super'
316 3035 376 3097 lrec
396 3034 501 3097 omnia

204 3141 339 3200 bumana
359 3149 390 3201 te
411 3136 573 3200 consondit
594 3137 794 3211 verecundia;

156 3273 193 3314 ης
207 3244 295 3318 absit,
317 3254 351 3305 vt
370 3261 545 3321 ymmemor
567 3238 840 3321 consanguinitatis

206 3349 305 3410 scelus
325 3346 442 3426 inpleas
463 3357 548 3408 tante
569 3345 767 3410 enormitatis.

206 3450 325 3514 Diuicie
345 3450 400 3512 tibi
420 3462 500 3527 sunt,
522 3463 553 3513 te
575 3452 741 3513 formosum
762 3460 870 3510 natura
891 3447 1004 3510 muttit

209 3557 292 3618 nulla
311 3555 410 3635 puella
432 3555 486 3616 tibi
508 3557 685 3636 complexus
705 3553 837 3635 negabit

209 3662 302 3722 Hanc
323 3659 348 3721 si
368 3659 528 3738 contingas
549 3661 656 3739 poluto
677 3660 770 3739 turpis
791 3677 895 3721 amore

155 3796 194 3826 ιω
207 3775 366 3846 peccatum
388 3761 500 3824 viciata
520 3775 553 3825 te
572 3764 650 3845 petit
670 3783 762 3826 omne
785 3782 897 3825 sorore.

206 3868 283 3948 Quis
304 3880 336 3931 te
353 3868 472 3930 curabit

207 3975 232 4037 si
253 3985 360 4038 contra
380 3984 411 4035 te
432 3983 496 4044 tam
518 3970 612 4052 turpis
631 3971 824 4035 consciencia
847 3970 1005 4034 clamabit?

205 4081 341 4140 Incestm
362 4088 484 4157 superat
503 4095 595 4139 omne
617 4077 724 4139 soclus.

206 4183 236 4244 0
256 4202 349 4263 quarn
370 4193 418 4243 est
439 4179 570 4254 diffiule.
