<?xml version="1.0" encoding="UTF-8"?>
<!DOCTYPE html PUBLIC "-//W3C//DTD XHTML 1.0 Transitional//EN"
    "http://www.w3.org/TR/xhtml1/DTD/xhtml1-transitional.dtd">
<html xmlns="http://www.w3.org/1999/xhtml" xml:lang="en" lang="en">
 <head>
  <title>
</title>
<meta http-equiv="Content-Type" content="text/html;charset=utf-8" />
  <meta name='ocr-system' content='tesseract 3.04.00' />
  <meta name='ocr-capabilities' content='ocr_page ocr_carea ocr_par ocr_line ocrx_word'/>
</head>
<body>
  <div class='ocr_page' id='page_1' title='image "arnoldilubecens00buchgoog_0046.png"; bbox 0 0 3075 4600; ppageno 0'>
   <div class='ocr_carea' id='block_1_1' title="bbox 482 490 1063 569">
    <p class='ocr_par' dir='ltr' id='par_1_1' title="bbox 482 490 1063 569">
     <span class='ocr_line' id='line_1_1' title="bbox 482 490 1063 569; baseline 0.017 -16"><span class='ocrx_word' id='word_1_1' title='bbox 482 562 485 569; x_wconf 22' lang='grc' dir='ltr'><strong>Δ</strong></span> <span class='ocrx_word' id='word_1_2' title='bbox 520 515 556 554; x_wconf 67' lang='grc' dir='ltr'><strong>τις</strong></span> <span class='ocrx_word' id='word_1_3' title='bbox 572 490 609 551; x_wconf 83' lang='lat' dir='ltr'><strong>In</strong></span> <span class='ocrx_word' id='word_1_4' title='bbox 631 491 712 555; x_wconf 85' lang='lat' dir='ltr'><strong>victu</strong></span> <span class='ocrx_word' id='word_1_5' title='bbox 733 498 783 558; x_wconf 85' lang='lat' dir='ltr'><strong>uel</strong></span> <span class='ocrx_word' id='word_1_6' title='bbox 802 511 912 562; x_wconf 86' lang='lat' dir='ltr'><strong>ornatu</strong></span> <span class='ocrx_word' id='word_1_7' title='bbox 933 501 1063 563; x_wconf 80' lang='lat' dir='ltr'><strong>vestium</strong></span> 
     </span>
    </p>
   </div>
   <div class='ocr_carea' id='block_1_2' title="bbox 480 598 1366 2139">
    <p class='ocr_par' dir='ltr' id='par_1_2' title="bbox 480 598 1366 2139">
     <span class='ocr_line' id='line_1_2' title="bbox 570 598 1366 691; baseline 0.026 -38"><span class='ocrx_word' id='word_1_8' title='bbox 570 612 623 655; x_wconf 88' lang='lat' dir='ltr'><strong>seu</strong></span> <span class='ocrx_word' id='word_1_9' title='bbox 635 598 779 677; x_wconf 79' lang='lat' dir='ltr'><strong>quolibet,</strong></span> <span class='ocrx_word' id='word_1_10' title='bbox 794 605 880 684; x_wconf 85' lang='lat' dir='ltr'><strong>quod</strong></span> <span class='ocrx_word' id='word_1_11' title='bbox 889 605 992 669; x_wconf 86' lang='lat' dir='ltr'><strong>animo</strong></span> <span class='ocrx_word' id='word_1_12' title='bbox 1002 606 1179 669; x_wconf 87' lang='lat' dir='ltr'><strong>occurrebat</strong></span> <span class='ocrx_word' id='word_1_13' title='bbox 1188 627 1366 691; x_wconf 76' lang='lat' dir='ltr'><strong>congruum.</strong></span> 
     </span>
     <span class='ocr_line' id='line_1_3' title="bbox 567 698 953 773; baseline 0.036 -14"><span class='ocrx_word' id='word_1_14' title='bbox 567 698 651 761; x_wconf 84' lang='lat' dir='ltr'><strong>Raro</strong></span> <span class='ocrx_word' id='word_1_15' title='bbox 673 702 792 768; x_wconf 79' lang='lat' dir='ltr'><strong>fuerant</strong></span> <span class='ocrx_word' id='word_1_16' title='bbox 811 708 953 773; x_wconf 87' lang='lat' dir='ltr'><strong>disiuncti</strong></span> 
     </span>
     <span class='ocr_line' id='line_1_4' title="bbox 567 803 920 890; baseline 0.04 -28"><span class='ocrx_word' id='word_1_17' title='bbox 567 803 672 865; x_wconf 80' lang='lat' dir='ltr'><strong>sociali</strong></span> <span class='ocrx_word' id='word_1_18' title='bbox 692 808 796 874; x_wconf 85' lang='lat' dir='ltr'><strong>sedere</strong></span> <span class='ocrx_word' id='word_1_19' title='bbox 817 812 920 890; x_wconf 78' lang='lat' dir='ltr'><strong>iuncti,</strong></span> 
     </span>
     <span class='ocr_line' id='line_1_5' title="bbox 572 898 989 981; baseline 0.034 -16"><span class='ocrx_word' id='word_1_20' title='bbox 572 898 642 969; x_wconf 84' lang='lat' dir='ltr'><strong>Vna</strong></span> <span class='ocrx_word' id='word_1_21' title='bbox 663 922 695 972; x_wconf 89' lang='lat' dir='ltr'><strong>et</strong></span> <span class='ocrx_word' id='word_1_22' title='bbox 715 916 825 979; x_wconf 87' lang='lat' dir='ltr'><strong>eadem</strong></span> <span class='ocrx_word' id='word_1_23' title='bbox 845 918 989 981; x_wconf 85' lang='lat' dir='ltr'><strong>continua</strong></span> 
     </span>
     <span class='ocr_line' id='line_1_6' title="bbox 480 1012 1016 1099; baseline 0.017 -25"><span class='ocrx_word' id='word_1_24' title='bbox 480 1023 487 1037; x_wconf 93' lang='lat'>&#39;</span> <span class='ocrx_word' id='word_1_25' title='bbox 516 1038 554 1075; x_wconf 72' lang='lat'><strong>1⁴0</strong></span> <span class='ocrx_word' id='word_1_26' title='bbox 568 1012 623 1075; x_wconf 82' lang='lat' dir='ltr'><strong>suit</strong></span> <span class='ocrx_word' id='word_1_27' title='bbox 644 1013 699 1077; x_wconf 88' lang='lat' dir='ltr'><strong>illis</strong></span> <span class='ocrx_word' id='word_1_28' title='bbox 720 1021 881 1099; x_wconf 82' lang='lat' dir='ltr'><strong>splendida</strong></span> <span class='ocrx_word' id='word_1_29' title='bbox 901 1040 1016 1083; x_wconf 67' lang='lat' dir='ltr'><strong>mense</strong></span> 
     </span>
     <span class='ocr_line' id='line_1_7' title="bbox 566 1116 869 1187; baseline 0.036 -10"><span class='ocrx_word' id='word_1_30' title='bbox 566 1116 748 1184; x_wconf 88' lang='lat' dir='ltr'>Cubiculum</span> <span class='ocrx_word' id='word_1_31' title='bbox 770 1126 869 1187; x_wconf 86' lang='lat' dir='ltr'><strong>solum</strong></span> 
     </span>
     <span class='ocr_line' id='line_1_8' title="bbox 563 1221 1048 1305; baseline 0.027 -25"><span class='ocrx_word' id='word_1_32' title='bbox 563 1221 660 1284; x_wconf 86' lang='lat' dir='ltr'><strong>lectos</strong></span> <span class='ocrx_word' id='word_1_33' title='bbox 680 1227 857 1292; x_wconf 88' lang='lat' dir='ltr'><strong>continebat</strong></span> <span class='ocrx_word' id='word_1_34' title='bbox 877 1232 1048 1305; x_wconf 83' lang='lat' dir='ltr'><strong>amborum,</strong></span> 
     </span>
     <span class='ocr_line' id='line_1_9' title="bbox 565 1326 1313 1413; baseline 0.017 -28"><span class='ocrx_word' id='word_1_35' title='bbox 565 1326 733 1406; x_wconf 83' lang='lat' dir='ltr'><strong>separatim</strong></span> <span class='ocrx_word' id='word_1_36' title='bbox 756 1344 870 1413; x_wconf 85' lang='lat' dir='ltr'><strong>tamen,</strong></span> <span class='ocrx_word' id='word_1_37' title='bbox 893 1346 926 1397; x_wconf 83' lang='lat' dir='ltr'><strong>vt</strong></span> <span class='ocrx_word' id='word_1_38' title='bbox 947 1344 1052 1396; x_wconf 86' lang='lat' dir='ltr'><strong>mutuo</strong></span> <span class='ocrx_word' id='word_1_39' title='bbox 1074 1352 1108 1397; x_wconf 89' lang='lat' dir='ltr'><strong>se</strong></span> <span class='ocrx_word' id='word_1_40' title='bbox 1129 1333 1313 1413; x_wconf 82' lang='lat' dir='ltr'><strong>respicerent</strong></span> 
     </span>
     <span class='ocr_line' id='line_1_10' title="bbox 562 1433 1360 1518; baseline 0.018 -28"><span class='ocrx_word' id='word_1_41' title='bbox 562 1440 593 1490; x_wconf 86' lang='lat' dir='ltr'><strong>et</strong></span> <span class='ocrx_word' id='word_1_42' title='bbox 608 1449 745 1495; x_wconf 85' lang='lat' dir='ltr'><strong>amorem</strong></span> <span class='ocrx_word' id='word_1_43' title='bbox 760 1433 904 1498; x_wconf 87' lang='lat' dir='ltr'><strong>vicinium</strong></span> <span class='ocrx_word' id='word_1_44' title='bbox 919 1438 1076 1518; x_wconf 82' lang='lat' dir='ltr'><strong>reciproca</strong></span> <span class='ocrx_word' id='word_1_45' title='bbox 1087 1437 1203 1501; x_wconf 71' lang='lat' dir='ltr'><strong>nisime</strong></span> <span class='ocrx_word' id='word_1_46' title='bbox 1213 1440 1360 1503; x_wconf 85' lang='lat' dir='ltr'><strong>louerent.</strong></span> 
     </span>
     <span class='ocr_line' id='line_1_11' title="bbox 514 1533 1106 1617; baseline 0.015 -21"><span class='ocrx_word' id='word_1_47' title='bbox 514 1558 551 1597; x_wconf 70' lang='grc' dir='ltr'><strong>ηε</strong></span> <span class='ocrx_word' id='word_1_48' title='bbox 566 1533 635 1595; x_wconf 88' lang='lat' dir='ltr'><strong>Hec</strong></span> <span class='ocrx_word' id='word_1_49' title='bbox 657 1536 761 1598; x_wconf 89' lang='lat' dir='ltr'><strong>omnia</strong></span> <span class='ocrx_word' id='word_1_50' title='bbox 782 1539 898 1603; x_wconf 85' lang='lat' dir='ltr'><strong>sincere</strong></span> <span class='ocrx_word' id='word_1_51' title='bbox 917 1540 1039 1617; x_wconf 78' lang='lat' dir='ltr'><strong>fiebant,</strong></span> <span class='ocrx_word' id='word_1_52' title='bbox 1102 1600 1106 1605; x_wconf 90' lang='lat'>.</span> 
     </span>
     <span class='ocr_line' id='line_1_12' title="bbox 562 1639 1213 1727; baseline 0.022 -30"><span class='ocrx_word' id='word_1_53' title='bbox 562 1639 691 1720; x_wconf 87' lang='lat' dir='ltr'><strong>amplius</strong></span> <span class='ocrx_word' id='word_1_54' title='bbox 712 1640 781 1720; x_wconf 89' lang='lat' dir='ltr'><strong>ipsa</strong></span> <span class='ocrx_word' id='word_1_55' title='bbox 801 1653 905 1706; x_wconf 86' lang='lat' dir='ltr'><strong>tamen</strong></span> <span class='ocrx_word' id='word_1_56' title='bbox 925 1646 1047 1707; x_wconf 79' lang='lat' dir='ltr'><strong>fratrem</strong></span> <span class='ocrx_word' id='word_1_57' title='bbox 1068 1646 1213 1727; x_wconf 75' lang='lat' dir='ltr'><strong>diligebat</strong></span> 
     </span>
     <span class='ocr_line' id='line_1_13' title="bbox 560 1739 1189 1829; baseline 0.029 -30"><span class='ocrx_word' id='word_1_58' title='bbox 560 1748 590 1799; x_wconf 88' lang='lat' dir='ltr'><strong>et</strong></span> <span class='ocrx_word' id='word_1_59' title='bbox 612 1739 805 1822; x_wconf 78' lang='lat' dir='ltr'><strong>simplicitate</strong></span> <span class='ocrx_word' id='word_1_60' title='bbox 825 1746 952 1827; x_wconf 75' lang='lat' dir='ltr'><strong>puellari</strong></span> <span class='ocrx_word' id='word_1_61' title='bbox 972 1749 1072 1829; x_wconf 88' lang='lat' dir='ltr'><strong>ipsum</strong></span> <span class='ocrx_word' id='word_1_62' title='bbox 1093 1753 1189 1816; x_wconf 83' lang='lat' dir='ltr'><strong>oculis</strong></span> 
     </span>
     <span class='ocr_line' id='line_1_14' title="bbox 543 1851 914 1931; baseline 0.038 -29"><span class='ocrx_word' id='word_1_63' title='bbox 543 1861 597 1911; x_wconf 86' lang='lat' dir='ltr'><strong>¹ae</strong></span> <span class='ocrx_word' id='word_1_64' title='bbox 619 1859 721 1913; x_wconf 88' lang='lat' dir='ltr'><strong>mente</strong></span> <span class='ocrx_word' id='word_1_65' title='bbox 741 1851 914 1931; x_wconf 67' lang='lat' dir='ltr'><strong>requirebat</strong></span> 
     </span>
     <span class='ocr_line' id='line_1_15' title="bbox 521 1948 796 2018; baseline 0.044 -11"><span class='ocrx_word' id='word_1_66' title='bbox 521 1949 525 1957; x_wconf 91' lang='lat'>&#39;</span> <span class='ocrx_word' id='word_1_67' title='bbox 562 1958 593 2009; x_wconf 89' lang='lat' dir='ltr'><strong>et</strong></span> <span class='ocrx_word' id='word_1_68' title='bbox 615 1948 658 2011; x_wconf 86' lang='lat' dir='ltr'><strong>sic</strong></span> <span class='ocrx_word' id='word_1_69' title='bbox 679 1952 796 2018; x_wconf 87' lang='lat' dir='ltr'><strong>deliciis</strong></span> 
     </span>
     <span class='ocr_line' id='line_1_16' title="bbox 509 2051 879 2139; baseline 0.022 -22"><span class='ocrx_word' id='word_1_70' title='bbox 509 2078 547 2117; x_wconf 76' lang='lat'><strong>1⁵0</strong></span> <span class='ocrx_word' id='word_1_71' title='bbox 559 2051 714 2120; x_wconf 79' lang='lat' dir='ltr'>fruebatur</span> <span class='ocrx_word' id='word_1_72' title='bbox 734 2060 879 2139; x_wconf 80' lang='lat' dir='ltr'><strong>plurimis</strong></span> 
     </span>
    </p>
   </div>
   <div class='ocr_carea' id='block_1_3' title="bbox 712 2252 1143 2334">
    <p class='ocr_par' dir='ltr' id='par_1_3' title="bbox 712 2252 1143 2334">
     <span class='ocr_line' id='line_1_17' title="bbox 712 2252 1143 2334; baseline 0.009 -18"><span class='ocrx_word' id='word_1_73' title='bbox 712 2252 945 2334; x_wconf 75' lang='lat' dir='ltr'><strong>Capitulum</strong></span> <span class='ocrx_word' id='word_1_74' title='bbox 966 2256 1143 2320; x_wconf 83' lang='lat' dir='ltr'><strong>tercium.</strong></span> 
     </span>
    </p>
   </div>
   <div class='ocr_carea' id='block_1_4' title="bbox 499 2370 1334 4229">
    <p class='ocr_par' dir='ltr' id='par_1_4' title="bbox 499 2370 1334 4229">
     <span class='ocr_line' id='line_1_18' title="bbox 556 2370 934 2564; baseline 0.029 -27"><span class='ocrx_word' id='word_1_75' title='bbox 556 2370 688 2539; x_wconf 78' lang='lat' dir='ltr'><strong>INter</strong></span> <span class='ocrx_word' id='word_1_76' title='bbox 707 2481 767 2544; x_wconf 85' lang='lat' dir='ltr'><strong>hec</strong></span> <span class='ocrx_word' id='word_1_77' title='bbox 787 2501 934 2564; x_wconf 85' lang='lat' dir='ltr'><strong>prospera</strong></span> 
     </span>
     <span class='ocr_line' id='line_1_19' title="bbox 554 2583 957 2650; baseline 0.027 -10"><span class='ocrx_word' id='word_1_78' title='bbox 554 2597 617 2642; x_wconf 90' lang='lat' dir='ltr'><strong>non</strong></span> <span class='ocrx_word' id='word_1_79' title='bbox 640 2583 800 2645; x_wconf 79' lang='lat' dir='ltr'><strong>defuerunt</strong></span> <span class='ocrx_word' id='word_1_80' title='bbox 819 2586 957 2650; x_wconf 82' lang='lat' dir='ltr'><strong>aduersa</strong></span> 
     </span>
     <span class='ocr_line' id='line_1_20' title="bbox 556 2683 1074 2765; baseline 0.021 -20"><span class='ocrx_word' id='word_1_81' title='bbox 556 2683 714 2765; x_wconf 81' lang='lat' dir='ltr'><strong>Siquidem</strong></span> <span class='ocrx_word' id='word_1_82' title='bbox 736 2688 857 2751; x_wconf 78' lang='lat' dir='ltr'><strong>malicie</strong></span> <span class='ocrx_word' id='word_1_83' title='bbox 876 2692 1074 2757; x_wconf 85' lang='lat' dir='ltr'><strong>machinator.</strong></span> 
     </span>
     <span class='ocr_line' id='line_1_21' title="bbox 557 2790 1097 2878; baseline 0.022 -28"><span class='ocrx_word' id='word_1_84' title='bbox 557 2797 590 2850; x_wconf 91' lang='lat' dir='ltr'><strong>et</strong></span> <span class='ocrx_word' id='word_1_85' title='bbox 608 2790 709 2854; x_wconf 87' lang='lat' dir='ltr'><strong>omnis</strong></span> <span class='ocrx_word' id='word_1_86' title='bbox 730 2791 910 2857; x_wconf 83' lang='lat' dir='ltr'><strong>innocencie</strong></span> <span class='ocrx_word' id='word_1_87' title='bbox 930 2797 1097 2878; x_wconf 84' lang='lat' dir='ltr'><strong>insidiator,</strong></span> 
     </span>
     <span class='ocr_line' id='line_1_22' title="bbox 504 2893 986 2977; baseline 0.01 -19"><span class='ocrx_word' id='word_1_88' title='bbox 504 2919 540 2958; x_wconf 69' lang='lat' dir='ltr'><strong>ass</strong></span> <span class='ocrx_word' id='word_1_89' title='bbox 555 2893 605 2954; x_wconf 86' lang='lat' dir='ltr'><strong>cui</strong></span> <span class='ocrx_word' id='word_1_90' title='bbox 626 2913 748 2977; x_wconf 83' lang='lat' dir='ltr'><strong>semper</strong></span> <span class='ocrx_word' id='word_1_91' title='bbox 768 2907 814 2959; x_wconf 74' lang='lat' dir='ltr'><strong>est</strong></span> <span class='ocrx_word' id='word_1_92' title='bbox 834 2901 986 2963; x_wconf 69' lang='lat' dir='ltr'><strong>conmda</strong></span> 
     </span>
     <span class='ocr_line' id='line_1_23' title="bbox 554 2996 1033 3082; baseline 0.019 -22"><span class='ocrx_word' id='word_1_93' title='bbox 554 2996 639 3078; x_wconf 84' lang='lat' dir='ltr'><strong>pacis</strong></span> <span class='ocrx_word' id='word_1_94' title='bbox 662 3011 693 3062; x_wconf 94' lang='lat' dir='ltr'><strong>et</strong></span> <span class='ocrx_word' id='word_1_95' title='bbox 714 2999 838 3064; x_wconf 85' lang='lat' dir='ltr'><strong>vnitatis</strong></span> <span class='ocrx_word' id='word_1_96' title='bbox 858 3006 1033 3082; x_wconf 68' lang='lat' dir='ltr'><strong>concordia,</strong></span> 
     </span>
     <span class='ocr_line' id='line_1_24' title="bbox 554 3102 1077 3191; baseline 0.021 -28"><span class='ocrx_word' id='word_1_97' title='bbox 554 3102 666 3183; x_wconf 88' lang='lat' dir='ltr'><strong>quique</strong></span> <span class='ocrx_word' id='word_1_98' title='bbox 684 3115 811 3186; x_wconf 91' lang='lat' dir='ltr'><strong>propter</strong></span> <span class='ocrx_word' id='word_1_99' title='bbox 830 3126 901 3171; x_wconf 86' lang='lat' dir='ltr'><strong>suas</strong></span> <span class='ocrx_word' id='word_1_100' title='bbox 921 3111 1077 3191; x_wconf 81' lang='lat' dir='ltr'><strong>nequicias</strong></span> 
     </span>
     <span class='ocr_line' id='line_1_25' title="bbox 551 3206 1024 3290; baseline 0.021 -22"><span class='ocrx_word' id='word_1_101' title='bbox 551 3206 712 3272; x_wconf 80' lang='lat' dir='ltr'><strong>infernales</strong></span> <span class='ocrx_word' id='word_1_102' title='bbox 733 3210 869 3290; x_wconf 83' lang='lat' dir='ltr'><strong>possidet</strong></span> <span class='ocrx_word' id='word_1_103' title='bbox 889 3215 1024 3290; x_wconf 79' lang='lat' dir='ltr'><strong>vmbras,</strong></span> 
     </span>
     <span class='ocr_line' id='line_1_26' title="bbox 551 3311 961 3397; baseline 0.022 -25"><span class='ocrx_word' id='word_1_104' title='bbox 551 3311 601 3373; x_wconf 90' lang='lat' dir='ltr'><strong>cui</strong></span> <span class='ocrx_word' id='word_1_105' title='bbox 622 3313 714 3376; x_wconf 78' lang='lat' dir='ltr'><strong>nichss</strong></span> <span class='ocrx_word' id='word_1_106' title='bbox 734 3327 783 3378; x_wconf 86' lang='lat' dir='ltr'><strong>est</strong></span> <span class='ocrx_word' id='word_1_107' title='bbox 803 3316 961 3397; x_wconf 86' lang='lat' dir='ltr'><strong>proprium</strong></span> 
     </span>
     <span class='ocr_line' id='line_1_27' title="bbox 501 3415 1076 3504; baseline 0.023 -31"><span class='ocrx_word' id='word_1_108' title='bbox 501 3431 539 3474; x_wconf 69' lang='grc' dir='ltr'><strong>ιω</strong></span> <span class='ocrx_word' id='word_1_109' title='bbox 552 3415 609 3477; x_wconf 88' lang='lat' dir='ltr'><strong>nisi</strong></span> <span class='ocrx_word' id='word_1_110' title='bbox 630 3418 743 3492; x_wconf 82' lang='lat' dir='ltr'><strong>fraudis</strong></span> <span class='ocrx_word' id='word_1_111' title='bbox 767 3432 799 3483; x_wconf 91' lang='lat' dir='ltr'><strong>et</strong></span> <span class='ocrx_word' id='word_1_112' title='bbox 820 3422 884 3483; x_wconf 87' lang='lat' dir='ltr'><strong>doli</strong></span> <span class='ocrx_word' id='word_1_113' title='bbox 905 3424 1076 3504; x_wconf 74' lang='lat' dir='ltr'><strong>negocium,</strong></span> 
     </span>
     <span class='ocr_line' id='line_1_28' title="bbox 551 3519 883 3604; baseline 0.018 -22"><span class='ocrx_word' id='word_1_114' title='bbox 551 3519 678 3584; x_wconf 85' lang='lat' dir='ltr'><strong>istorum</strong></span> <span class='ocrx_word' id='word_1_115' title='bbox 700 3523 883 3604; x_wconf 83' lang='lat' dir='ltr'><strong>simplicitati</strong></span> 
     </span>
     <span class='ocr_line' id='line_1_29' title="bbox 552 3627 1014 3709; baseline 0.019 -23"><span class='ocrx_word' id='word_1_116' title='bbox 552 3627 691 3706; x_wconf 87' lang='lat' dir='ltr'><strong>nequiter</strong></span> <span class='ocrx_word' id='word_1_117' title='bbox 711 3631 855 3692; x_wconf 85' lang='lat' dir='ltr'><strong>studebat</strong></span> <span class='ocrx_word' id='word_1_118' title='bbox 872 3631 1014 3709; x_wconf 82' lang='lat' dir='ltr'><strong>insidiari,</strong></span> 
     </span>
     <span class='ocr_line' id='line_1_30' title="bbox 550 3729 1021 3818; baseline 0.019 -27"><span class='ocrx_word' id='word_1_119' title='bbox 550 3729 575 3791; x_wconf 89' lang='lat' dir='ltr'><strong>si</strong></span> <span class='ocrx_word' id='word_1_120' title='bbox 596 3733 674 3794; x_wconf 83' lang='lat' dir='ltr'><strong>torte</strong></span> <span class='ocrx_word' id='word_1_121' title='bbox 693 3745 799 3813; x_wconf 87' lang='lat' dir='ltr'><strong>posset</strong></span> <span class='ocrx_word' id='word_1_122' title='bbox 819 3754 1021 3818; x_wconf 82' lang='lat' dir='ltr'><strong>cormmpere,</strong></span> 
     </span>
     <span class='ocr_line' id='line_1_31' title="bbox 554 3837 1042 3914; baseline 0.023 -19"><span class='ocrx_word' id='word_1_123' title='bbox 554 3853 631 3914; x_wconf 89' lang='lat' dir='ltr'><strong>quos</strong></span> <span class='ocrx_word' id='word_1_124' title='bbox 653 3837 778 3900; x_wconf 89' lang='lat' dir='ltr'><strong>videbat</strong></span> <span class='ocrx_word' id='word_1_125' title='bbox 799 3840 909 3902; x_wconf 79' lang='lat' dir='ltr'><strong>affectu</strong></span> <span class='ocrx_word' id='word_1_126' title='bbox 928 3844 1042 3905; x_wconf 74' lang='lat' dir='ltr'><strong>cameli</strong></span> 
     </span>
     <span class='ocr_line' id='line_1_32' title="bbox 499 3939 885 4024; baseline 0.008 -20"><span class='ocrx_word' id='word_1_127' title='bbox 499 3953 535 4004; x_wconf 72' lang='lat'><strong>1⁶³</strong></span> <span class='ocrx_word' id='word_1_128' title='bbox 550 3939 599 4000; x_wconf 91' lang='lat' dir='ltr'><strong>uel</strong></span> <span class='ocrx_word' id='word_1_129' title='bbox 620 3941 718 4004; x_wconf 82' lang='lat' dir='ltr'><strong>eciam</strong></span> <span class='ocrx_word' id='word_1_130' title='bbox 739 3943 885 4024; x_wconf 80' lang='lat' dir='ltr'><strong>spirituali</strong></span> 
     </span>
     <span class='ocr_line' id='line_1_33' title="bbox 549 4042 887 4125; baseline 0.021 -19"><span class='ocrx_word' id='word_1_131' title='bbox 549 4042 729 4109; x_wconf 86' lang='lat' dir='ltr'><strong>coniunctos</strong></span> <span class='ocrx_word' id='word_1_132' title='bbox 750 4047 887 4125; x_wconf 81' lang='lat' dir='ltr'><strong>existere,</strong></span> 
     </span>
     <span class='ocr_line' id='line_1_34' title="bbox 549 4147 1334 4229; baseline 0.009 -19"><span class='ocrx_word' id='word_1_133' title='bbox 549 4147 642 4211; x_wconf 92' lang='lat' dir='ltr'><strong>Cuius</strong></span> <span class='ocrx_word' id='word_1_134' title='bbox 665 4147 779 4212; x_wconf 87' lang='lat' dir='ltr'><strong>inuidia</strong></span> <span class='ocrx_word' id='word_1_135' title='bbox 802 4173 886 4215; x_wconf 88' lang='lat' dir='ltr'><strong>mors</strong></span> <span class='ocrx_word' id='word_1_136' title='bbox 907 4154 1030 4215; x_wconf 86' lang='lat' dir='ltr'><strong>intrauit</strong></span> <span class='ocrx_word' id='word_1_137' title='bbox 1050 4156 1209 4229; x_wconf 88' lang='lat' dir='ltr'><strong>mundum,</strong></span> <span class='ocrx_word' id='word_1_138' title='bbox 1332 4226 1334 4229; x_wconf 18' lang='lat'>¹</span> 
     </span>
    </p>
   </div>
   <div class='ocr_carea' id='block_1_5' title="bbox 0 0 1542 4600">
    <p class='ocr_par' dir='ltr' id='par_1_5' title="bbox 0 0 1542 4600">
     <span class='ocr_line' id='line_1_35' title="bbox 0 0 1542 4600; baseline 0 0"><span class='ocrx_word' id='word_1_139' title='bbox 0 0 1542 4600; x_wconf 95' lang='lat' dir='ltr'><strong> </strong></span> 
     </span>
    </p>
   </div>
  </div>
 </body>
</html>
