3075 4600
489 214 528 227 ..
574 172 700 261 ²5-

315 349 461 412 msautem
483 350 747 427 formosissimum,

314 454 400 517 heret
420 468 543 536 stupens
564 456 723 535 paruulum

316 570 378 620 tam
400 559 536 621 formosa
555 558 633 621 facie

249 657 254 667 ’
320 665 410 743 plena
431 663 551 726 decoris
572 662 684 743 gracie.

265 784 305 825 ιω
317 767 378 829 Huc
398 779 445 829 est
465 767 554 829 huius
574 766 731 830 exordium

319 872 466 935 sermonis
488 883 594 952 stupor
614 872 761 947 omnium,

850 320 901 384 ss

318 975 369 1058 qui
390 988 479 1039 natus
500 978 540 1038 de
560 976 694 1041 incestus
715 979 829 1042 scelere
925 970 953 1006 V

319 1096 350 1144 et
370 1082 541 1163 implicatus
562 1080 687 1143 crimine

319 1206 374 1268 per
395 1188 504 1249 miram
525 1186 576 1249 dei
600 1186 734 1266 graciam

266 1308 304 1358 ⁶⁶⁵
318 1294 412 1354 vitam
434 1290 598 1373 compleuit
618 1292 764 1354 lucidam.

318 1396 407 1459 Talia
427 1396 562 1478 peccatis

318 1502 469 1582 depressis
490 1512 521 1565 et
541 1501 679 1563 celerat’u

316 1604 574 1687 Jamuespenu·

321 1712 463 1774 concedit
482 1710 584 1790 gracia
604 1710 707 1791 gratis.

266 1833 306 1883 ὀνο
320 1816 433 1879 Gracia
452 1836 516 1880 non
538 1828 626 1891 esset,

274 1982 277 1989 .
320 1920 421 2001 siper
441 1940 475 1985 se
495 1918 564 2003 quis
584 1922 668 1983 bona
688 1931 795 2000 posset

287 2093 293 2103 ,
317 2026 413 2104 Quod
433 2027 519 2088 bona
538 2044 603 2088 non
624 2036 722 2087 cessat

317 2134 412 2193 homo
433 2148 559 2211 querere
580 2129 681 2211 gracia
701 2140 825 2210 prestet

319 2236 414 2299 Omni
435 2235 480 2298 sic
498 2233 618 2314 homini

270 2359 308 2410 ⁶⁷⁵
323 2341 461 2403 meritum
483 2343 517 2402 fit
537 2339 641 2421 gracia
661 2338 765 2401 christi

321 2446 370 2509 Sic
392 2445 580 2508 diuersorum

319 2551 474 2613 mercedes
495 2560 565 2612 sunt
586 2547 763 2611 meritorum
827 2563 831 2570 ’

321 2657 458 2718 Pessima
477 2672 638 2735 prauomm

320 2780 401 2824 mors
422 2772 469 2822 est
489 2757 628 2840 preciosa
648 2759 811 2847 bonomm.

345 2985 352 2988 ·
414 2967 643 3049 Capitulum
668 2967 782 3028 xm·

271 3195 311 3235 eso
325 3091 478 3258 IGitur‚
499 3187 534 3238 vt
554 3176 696 3239 dominus

322 3280 443 3341 infantis
466 3279 534 3342 visu
555 3281 683 3362 cupidus

322 3397 367 3446 est
389 3385 557 3447 delectatus
578 3385 690 3466 specie,

322 3487 525 3550 meditabatur
545 3490 644 3564 anxie,

326 3593 493 3674 quidnam
515 3595 555 3656 de
576 3593 644 3674 ipso
666 3593 766 3668 saciat,

270 3716 308 3765 ess
321 3718 383 3779 quo
405 3697 503 3779 magis
524 3701 637 3761 factum
658 3701 760 3761 lateat

324 3805 386 3866 Sed
407 3822 571 3865 conuersus
592 3807 634 3868 ad
655 3806 815 3868 domiuum

322 3913 452 3992 expecijt
472 3911 641 3986 consssium.

321 4028 356 4076 vt
378 4029 531 4080 succurrat
556 4013 736 4098 quantocius
786 4017 789 4020 ’

323 4121 426 4200 magni
447 4121 563 4198 consilij
586 4119 722 4198 angelus.

931 1305 956 1337 V
