3075 4600
816 378 1053 419 -120—

670 524 732 605 egn'
754 537 901 587 sanantur
923 526 1051 605 plunimi,

608 657 657 696 ιω,
670 628 804 707 Quidam
825 641 970 691 contactu
992 650 1148 706 manuum,

668 733 709 813 hij
730 734 854 813 pedum,
878 734 920 795 illi
942 734 1071 796 vestium

667 848 699 901 et
720 849 787 899 erat
806 849 891 900 cetus
912 840 1050 902 omnium
1133 828 1142 843 ’

666 953 697 1004 te
719 944 810 1005 deum
832 944 1059 1006 colludantium.

720 1152 954 1233 Capitulum
980 1155 1149 1215 totvm·-
1211 1164 1215 1169 “

667 1274 774 1444 Sic
795 1364 835 1426 de
855 1375 944 1427 tanto
965 1364 1111 1445 pontifice

605 1495 656 1533 1050
667 1478 698 1528 et
719 1466 858 1529 virmtuu
886 1469 996 1548 opifice

666 1590 794 1631 romana
814 1573 931 1633 exultat
952 1573 1085 1635 maxima

666 1675 706 1736 de
727 1692 782 1755 spe
803 1676 973 1755 gaudentes
995 1698 1059 1740 nou
1081 1678 1182 1753 (lubia,

668 1780 752 1858 quod
774 1776 946 1842 animarum
968 1783 1105 1844 medicus

668 1882 707 1943 sit
726 1884 817 1945 datus
836 1885 1060 1957 celeberrimus,

607 2014 655 2052 ¹0⁵⁵
668 1987 718 2067 qui
741 1987 865 2049 viantes
888 1989 1026 2069 perficiat

585 2118 589 2127 ·
665 2102 696 2153 et
717 2092 806 2157 viam
820 2093 873 2155 dei
894 2094 1015 2167 doceat,

547 2196 550 2201 ’
664 2195 750 2258 utin
771 2216 936 2261 commuue
956 2197 1094 2259 omnium

664 2303 716 2363 fiat
738 2304 819 2364 salus
838 2301 985 2366 fidelium.

729 2510 966 2591 Capitulum
994 2513 1133 2572 XXIX·-

662 2633 907 2803 valimatus
927 2721 1085 2802 gregorius

602 2841 652 2882 1060
663 2825 720 2905 pijs
740 2826 884 2888 studebat
905 2826 1042 2888 murinus
1144 2832 1148 2837 '

616 2987 619 2990 .
662 2927 694 2992 in
714 2931 789 2992 sede
807 2930 977 3010 apostoliea

663 3035 807 3096 virtutum
827 3035 945 3097 docens
966 3032 1108 3096 culmina.

666 3137 745 3200 mitis
766 3150 832 3201 erat
853 3139 1047 3219 pauperibus,

667 3243 752 3324 quod
774 3243 921 3305 conuenit
941 3242 1129 3305 subtimuue

608 3365 656 3416 aas
668 3349 781 3411 Terror
801 3359 868 3410 erat
888 3345 1033 3410 diuitibus

668 3452 701 3514 in
721 3451 871 3514 thesauris
892 3447 1095 3532 sperantibus.

668 3558 709 3618 Et
729 3570 894 3638 peccantes
916 3555 1060 3637 precipue

668 3651 1002 3740 equali'moderamine

666 3767 826 3840 tractabat,
849 3784 890 3827 ne
912 3764 1058 3827 seueritas

547 3867 549 3871 ’
607 3899 656 3936 ,οη
668 3871 797 3949 frangat,
819 3870 907 3948 quod
928 3870 1041 3932 mulnet
1063 3868 1169 3948 pietas.

671 3973 721 4036 Sic
740 3973 835 4035 lacius
855 3973 989 4036 innotuit

668 4090 708 4153 et,
731 4089 765 4140 vt
787 4079 910 4159 lampas
928 4075 1061 4149 emicuit.

669 4181 767 4244 Huius
787 4181 929 4243 doetsina
950 4181 1089 4254 eelebtis,

669 4304 728 4366 que
748 4287 829 4348 salus
850 4296 918 4348 erat
936 4285 1091 4366 languidis
