3075 4600
821 260 1029 360 '‘⁹⁰'-

666 466 699 509 se
721 447 871 509 transtulit
888 468 943 527 per
962 444 1060 521 deuia,

668 564 700 613 vt
719 550 883 612 declinaret
901 551 1051 625 homiues,

668 674 744 735 quos
764 666 892 717 nouerat
911 668 946 716 vt
966 652 1130 733 complices

631 788 654 826 ιε
666 771 697 821 et
718 758 901 838 pertimescit
921 759 1039 833 obuios,

668 882 743 942 quos
765 863 920 942 quondam
942 864 1020 925 rexit
1040 861 1186 924 subditos.

669 968 726 1029 Per
746 969 839 1046 planu
858 986 931 1045 ergo
952 979 983 1030 et
1004 982 1112 1046 aspera

670 1090 723 1149 per
743 1075 836 1133 saltus
856 1082 887 1133 et
906 1091 961 1152 per
978 1090 1105 1134 nemora

671 1175 759 1237 nudis
777 1178 918 1237 laborans
938 1178 1067 1257 pedibus

633 1307 658 1335 ω
672 1280 728 1341 iter
748 1279 845 1359 carpit
865 1281 1029 1360 gregorius.
1135 1316 1139 1321 ·

670 1383 833 1446 Oraciouis
854 1385 997 1464 pabulum

672 1486 741 1548 huic
761 1490 859 1549 iuerat
880 1485 1044 1577 assiduum,

672 1591 795 1653 refectio
815 1612 869 1671 per
889 1591 1013 1654 biduum

673 1714 736 1757 non
757 1708 825 1758 erat
844 1707 896 1758 aut
914 1715 968 1777 per
988 1695 1129 1771 triduum.

635 1826 659 1865 25
673 1798 721 1861 Sic
742 1801 828 1875 dum,
849 1812 883 1862 vt
903 1819 1006 1862 errans
1026 1798 1159 1874 cursitat,
1265 1885 1272 1889 ,
1298 1886 1332 1894 ,,,

675 1916 772 1965 artam
795 1905 873 1966 forte
892 1903 1048 1966 inuenerat

678 2007 1097 2086 gramimiruscircumdatam

674 2112 834 2173 obscuram
854 2113 926 2176 satis
946 2112 1094 2175 semitam.
1204 2133 1210 2140 ·

673 2215 722 2276 Fit
742 2227 845 2277 tamen
865 2216 907 2278 illi
928 2217 1065 2293 dubium,

636 2349 663 2387 3ο
676 2340 716 2381 an
737 2320 775 2382 sit
795 2322 853 2382 hec
873 2322 957 2385 callis
977 2322 1136 2384 hominum

674 2411 714 2485 arr
734 2424 898 2487 bestiarum
919 2426 1027 2488 semita

674 2527 806 2608 ipsarum
827 2531 869 2592 ad
888 2529 1046 2606 cubicula;

677 2633 738 2694 Sed
758 2632 833 2693 dum
854 2631 904 2695 diu
925 2634 1103 2713 procederet

675 2750 706 2799 et
726 2736 916 2799 mansionem
936 2748 1084 2816 quereret,

637 2872 663 2910 ³⁵
675 2839 728 2903 ubi
748 2851 808 2900 stet
827 2839 973 2902 solitarius

613 3020 618 3030 Ι
674 2945 735 3006 deo
751 2963 866 3006 vacans
886 2944 1046 3006 continuus
1152 2967 1155 2970 ⁴

678 3048 849 3110 Occurrunt
868 3050 975 3110 fluctus
996 3048 1124 3110 marium

676 3171 731 3232 per
750 3153 852 3215 littora
872 3145 1051 3215 souancium

677 3270 708 3318 et
729 3269 838 3336 postea
857 3256 1019 3336 tugurium,

638 3390 666 3429 40
678 3359 731 3422 ubi
749 3360 828 3440 petit
844 3359 1025 3439 hospicium.
1104 3405 1108 3410 .

677 3464 813 3526 Piscator
832 3483 906 3527 vero
926 3461 1068 3525 dominos

678 3568 785 3648 tugurij
805 3570 839 3632 fit
855 3567 998 3630 urrbidus·

679 3683 710 3732 et
729 3671 762 3732 in
782 3675 915 3734 aduentu
934 3669 1064 3751 hospitis

679 3775 780 3837 multis
800 3775 868 3837 furit
887 3775 1041 3853 conuiciis

640 3905 666 3945 ις
679 3879 758 3940 Nam
777 3899 903 3942 cernens
923 3882 1040 3942 vultum
1061 3897 1181 3941 roseum

678 3983 829 4063 paulisper
846 3985 946 4046 adhuc
965 3982 1158 4064 splendidum

680 4087 769 4148 simul
790 4099 820 4148 et
839 4106 962 4150 carnem
980 4086 1108 4150 nitidam
1192 4133 1198 4140 ⁴

680 4208 789 4251 vocem
810 4191 944 4270 protudit
962 4190 1104 4272 impiam:
