3075 4600
176 1336 393 1507 pAruimus
409 1421 549 1503 princeps
562 1438 747 1501 quamquam
765 1420 840 1483 haut
861 1424 1029 1485 tolleranda
1049 1421 1184 1486 iubebas.

116 1530 181 1590 Nec
198 1546 303 1609 porum
319 1526 462 1589 miramur
476 1544 547 1587 cum
565 1526 674 1587 multos
695 1525 779 1604 apud
792 1544 850 1588 von
870 1528 1009 1590 habeatis
1028 1526 1184 1601 litteratos,

114 1634 209 1695 eciam
231 1634 264 1693 in
286 1633 412 1695 eeclesia
432 1630 514 1693 beati
537 1629 698 1705 michaelis,
719 1630 805 1709 quod
821 1649 898 1711 opus
913 1644 978 1694 tum
993 1630 1184 1695 nominatum

115 1734 254 1817 punitati
281 1746 383 1798 nostre
411 1734 564 1814 iniungere
594 1734 744 1809 voluistis,
777 1736 863 1813 qnod
895 1756 959 1798 non
991 1738 1058 1798 sine
1091 1737 1186 1797 multu

115 1839 313 1903 mediudone
328 1841 378 1902 uel
392 1838 487 1902 eciam
502 1838 610 1919 uigiliis
623 1840 664 1901 ad
678 1842 770 1901 finem
786 1859 893 1919 nsque,
915 1861 972 1920 pro
986 1852 1020 1902 m
1033 1839 1186 1920 potuimtu

116 1944 226 2006 chiisto
247 1944 367 2007 fauente
391 1943 600 2023 produximus.
644 1944 705 2005 Sed
726 1944 819 2006 credo
840 1946 925 2023 quod
946 1944 1186 2008 admemoriam

116 2048 202 2121 vobis
225 2048 385 2111 occurrerit
404 2047 477 2128 quin
498 2048 538 2109 nb
558 2047 625 2127 ipsa
642 2047 775 2127 puen'cia
789 2051 847 2110 sub
861 2050 983 2111 dicione
997 2048 1187 2111 memorandi

115 2154 207 2235 patris
252 2151 342 2215 vestri
380 2150 493 2215 henrici
525 2150 610 2215 ducis
641 2151 733 2213 incliti
765 2152 795 2214 in
826 2154 1010 2216 brunesuich
1041 2154 1188 2216 eductum

115 2257 238 2332 iuetim,
274 2256 359 2320 ciuus
393 2256 521 2338 gloriam
556 2254 688 2318 vidimus
722 2267 753 2319 et
785 2255 850 2320 eius
883 2258 1009 2322 munte·
1040 2269 1126 2339 gestu
1156 2268 1188 2321 et

115 2363 234 2448 pietatis
260 2381 354 2442 opera
381 2373 412 2424 et
437 2361 554 2424 felicem
583 2372 617 2422 vt
646 2379 802 2441 speramns
830 2362 990 2425 decessum
1020 2363 1051 2425 in
1082 2374 1188 2426 nostro

116 2469 261 2550 opusculo
276 2467 345 2528 stilo
361 2463 505 2527 mediocri
522 2465 711 2528 conteximus
726 2465 800 2545 quin
820 2479 942 2529 montes
960 2467 1070 2530 excelsi
1090 2467 1187 2530 cernis

116 2583 200 2654 petra
222 2591 295 2632 vero
317 2570 462 2650 refugium
484 2570 652 2649 hermneijs.
689 2570 850 2632 Credimus
865 2569 956 2650 igitur
975 2591 1039 2652 quo
1060 2572 1188 2634 denoto
1261 2620 1276 2654 ·.

116 2689 146 2739 et
172 2674 277 2738 humili
305 2693 382 2754 opus
409 2675 471 2736 hoc
498 2674 635 2754 ignotum
665 2685 696 2736 et
723 2675 853 2736 arduum
880 2675 1026 2756 explinari
1053 2675 1188 2739 voluistis

116 2780 221 2860 utqui
243 2778 273 2842 in
295 2779 404 2841 talibus
426 2777 578 2842 exercitnti
599 2797 662 2840 non
683 2778 794 2842 fuimus
819 2780 861 2842 ad
887 2780 1017 2843 aliorum
1042 2781 1188 2843 noticiam

117 2887 168 2949 tali
190 2882 337 2948 exercicio
358 2882 575 2946 deueniremus.
612 2885 734 2946 Placeat
756 2884 847 2963 igitur
867 2885 1048 2948 exercitncio
1070 2887 1190 2966 placent
1289 2864 1294 2875 “

116 3003 146 3053 et
167 2989 265 3062 lectio,
286 3007 355 3070 que,
374 2971 450 3050 lium
470 3007 489 3048 n
512 2987 644 3068 pluribus
666 2987 818 3068 repetitur,
839 2986 975 3070 ipsorum
997 2989 1190 3052 oracionibus

117 3094 203 3158 nobis
232 3104 347 3156 crescat
373 3092 512 3154 meritum
539 3104 570 3155 et
596 3092 677 3173 ipsin
703 3093 801 3154 tocius
835 3093 952 3156 virtutis
982 3105 1188 3175 augmentum.

117 3197 233 3262 Amenl
392 3205 397 3210 '
