3075 4600
442 170 712 229 -xxnt-

132 332 187 390 Ich
215 332 293 409 gebe
321 334 380 397 den
408 336 490 396 Text
517 338 596 429 nacit
623 340 693 401 dem
727 307 957 405 Grimmschen·
970 310 1116 405 abdiu&
1167 426 1171 433 .

48 435 113 496 hier
134 435 251 497 wieder.
295 438 353 499 Die
373 441 572 503 Haudschriit
591 443 629 504 ist
650 446 739 519 alter,
768 448 842 508 aber
862 446 912 508 ich
933 448 1043 527 glaube
1064 447 1115 509 die

48 560 157 601 neuere
178 540 307 611 Version
325 542 363 605 ist
382 545 554 607 bedeutend
573 549 690 611 besser:

338 650 388 709 Sic
408 652 477 710 loca
498 652 708 714 venustissima

338 754 441 816 Caede
462 756 591 819 vastavit
611 758 749 819 maxima.

338 859 419 919 Urbs
439 861 520 921 nulla
540 862 644 936 fuerat,

341 962 442 1038 Quam
464 965 579 1028 bellans
601 986 662 1028 non
684 979 865 1043 vastaverat,

336 1063 410 1127 Una
430 1078 547 1131 tantum
569 1084 762 1147 remanserat,

226 1207 231 1219 ·
337 1173 424 1249 Quae
446 1173 616 1255 principalis
637 1179 741 1239 suerat

339 1279 426 1355 Quae
448 1281 513 1341 sola
533 1281 583 1342 vix
606 1282 780 1346 subsisteret

336 1382 367 1443 Si
388 1403 453 1444 non
475 1395 570 1447 totam
593 1399 763 1468 protegeret

338 1486 399 1563 Qui
420 1489 502 1549 solus
523 1490 598 1569 regit
619 1492 722 1553 omnia

338 1593 394 1653 Per
415 1594 582 1655 seculorum
604 1598 714 1661 secula.

336 1697 380 1757 Ut
401 1698 600 1776 procedamus

341 1803 431 1863 Nunc
451 1802 499 1864 his
519 1806 610 1867 finem
631 1806 793 1882 iaciamus3

336 1908 440 1967 Mente
462 1912 660 1984 attendamus,

337 2011 387 2072 Sic
406 2011 446 2071 ad
468 2031 594 2101 puerurn
615 2017 784 2079 redeamus.

337 2116 417 2194 Ergo
438 2135 495 2195 per
514 2118 626 2195 omnis,

338 2221 419 2281 Dum
442 2220 548 2283 transit
568 2234 675 2304 stagna
695 2223 823 2300 marine,
927 2228 931 2235 ’

334 2327 387 2387 Est
407 2339 611 2405 conservatus,

335 2432 377 2493 Ut
397 2441 462 2492 erat
481 2432 574 2510 Jonas
594 2435 788 2514 quarduanus

333 2537 369 2595 In
391 2534 450 2597 eeti
470 2547 573 2599 ventre

332 2640 426 2700 Sensu
447 2638 547 2720 typice
568 2643 730 2706 iamrtlante

302 3124 306 3134 .
334 3057 422 3134 Quae
442 3069 513 3138 post
533 3061 606 3122 fient
627 3063 786 3125 manifesta

332 3163 412 3223 Nam
432 3164 564 3225 defertur
584 3164 744 3229 infantulus

333 3266 535 3330 conservatus
556 3269 699 3333 divinitus

333 3369 412 3432 Cum
433 3371 554 3452 propria
574 3373 721 3448 navicula,

332 3477 389 3537 Per
408 3477 525 3540 marina
545 3478 677 3558 pericula

329 3580 522 3661 veneratque
541 3585 583 3646 ad
599 3585 725 3648 insulam

336 3686 424 3763 Quae
446 3688 621 3751 continebat
639 3691 787 3765 cellulam,

330 3791 431 3867 Quam
453 3791 515 3854 vite
534 3795 711 3857 venerabilis

331 3895 409 3957 Cum
433 3896 534 3959 multis
555 3896 610 3960 subi
630 3897 756 3961 subditis

330 3998 391 4062 Piis
413 4011 535 4062 ornatus
556 4003 689 4065 monitus

328 4105 435 4168 Abbas
457 4105 532 4168 rexit
552 4106 714 4188 Gregorius

766 4301 801 4346 x.
