3075 4600
500 250 711 311 7⁸33-

319 400 380 462 urie
399 402 483 481 quod
506 414 623 463 tantum
644 402 767 483 capsule

322 508 387 567 sols
408 507 465 569 suit
486 506 630 588 reposita

324 614 399 674 Mox
418 614 558 693 neglectu
582 609 721 673 caniculi

268 702 272 711 ’
324 730 354 779 et
376 719 535 779 subleustn
556 719 681 797 cupsuls

284 850 309 888 es
324 821 506 885 festinabant
531 823 572 884 sd
594 823 717 903 proprie
784 854 787 860 ·

324 928 367 990 sic
390 948 527 991 remeare
548 928 659 991 littora„

453 1148 675 1229 Capitulum
695 1150 759 1209 Π*

326 1270 445 1441 Sco
466 1391 591 1456 propter
613 1386 728 1437 motum
751 1372 879 1437 marium

326 1495 356 1541 et
378 1480 523 1541 fluctuum
545 1479 730 1542 tumenciutn

331 1606 394 1647 non
416 1598 559 1665 poterunt
578 1584 749 1666 perspicere

288 1720 315 1757 so
329 1703 478 1753 secretum
499 1710 557 1751 nec
578 1706 772 1770 cognoscere,

327 1795 401 1874 quid
423 1796 548 1876 capsula
568 1794 732 1869 continent,

329 1902 377 1961 uei
398 1900 545 1979 quidnam
567 1899 649 1961 intus
669 1899 770 1961 latent

329 2004 423 2085 Quod
443 2024 508 2066 non
526 2024 583 2085 pro
606 2022 718 2085 magno
738 2012 892 2083 reputant3

329 2113 402 2173 dum
425 2096 542 2172 motum
565 2108 658 2170 maris
678 2107 830 2189 trepident

294 2244 319 2283 ss
332 2227 500 2294 sperantes,
521 2214 583 2275 hcc
603 2230 789 2295 cognoscere

332 2320 393 2382 suis
414 2321 447 2381 in
467 2319 543 2382 locis
565 2319 737 2382 commode.

333 2424 383 2486 Sic
404 2426 628 2506 comprehenso
648 2423 746 2485 littore
781 2491 785 2496 ⁸

334 2533 395 2592 hoc
418 2528 607 2592 vestimentis
627 2545 755 2609 propere

334 2655 398 2697 non
419 2636 617 2696 morabantur
638 2647 748 2713 tegere,

295 2757 372 2801 sone
396 2739 463 2819 quis
485 2737 581 2820 possit
601 2754 795 2818 cognoscere.

334 2847 416 2909 Casu
438 2857 525 2925 pater
545 2844 651 2906 cellule

234 2973 237 2977 ·
334 2963 408 3025 tune
427 2952 525 3012 fuerat
546 2947 578 3010 in
596 2946 706 3020 littore,

334 3055 556 3138 prestolabatur
577 3052 705 3132 cupidus

335 3179 407 3222 suos
429 3159 562 3238 procelle
583 3155 723 3231 timidns;

297 3281 322 3332 ss
336 3263 397 3325 Sed
417 3275 463 3325 est
484 3262 606 3324 miratus
627 3261 739 3336 animo,
766 3301 770 3308 -

336 3368 419 3448 quod
442 3368 569 3428 redeunt
591 3378 654 3445 tam
675 3364 775 3429 subito

127 3452 158 3535 Χ
334 3472 386 3533 vix
407 3472 502 3534 teneri
523 3470 688 3553 spiramine

336 3578 396 3641 diei
417 3597 523 3658 sparso
543 3575 667 3651 lumine,

335 3687 390 3748 sed
410 3683 534 3764 inquid:
561 3675 772 3760 »benedicfflte

297 3823 323 3862 qo
335 3793 442 3852 fraires
463 3803 494 3852 ei
514 3786 634 3860 edidit,
838 3807 842 3812 '
890 3785 894 3791 .

323 3897 361 3964 ¹si
382 3895 458 3975 quid
477 3914 560 3956 nunc
580 3887 719 3970 ceperitis

336 4002 379 4062 sic
400 3999 552 4079 graciores
573 3993 664 4058 eritis.
686 3998 690 4004 '

206 4265 208 4271 ,
238 4287 433 4332 ubuchwsld.
450 4285 642 4328 ArnoldiLubec.
656 4280 785 4334 cregortm.
842 4283 860 4337 3
