3075 4600
410 126 662 225 ,Ἶ-

189 315 279 393 Juxta
299 323 512 393 magnatorum

193 418 282 481 ritum
304 418 338 479 fit
359 415 505 478 nobilium
526 436 690 498 puerorum

192 522 290 585 Annis
312 522 480 584 subteneris

192 626 326 689 adhssrita
348 627 488 687 custodia
513 627 649 689 celebris.

154 761 181 801 ³0
193 732 256 809 Qui
278 730 321 793 sic
342 741 423 793 ciete

193 847 333 900 crescunt
354 835 495 926 simulet
516 836 677 916 probitate.

191 944 265 1003 Post
283 960 381 1003 annos
403 942 504 1020 plures

193 1050 226 1109 rit
248 1047 344 1127 digna
365 1044 450 1125 grati
470 1042 587 1125 gemitu
608 1063 664 1106 res.

195 1150 250 1213 Isti
270 1160 426 1222 testantur,

155 1285 180 1325 ³5
195 1258 281 1335 quod
302 1266 399 1318 matre
420 1271 476 1314 sua
497 1252 668 1319 viduantur.

129 1362 583 1443 ·mmmm

192 1486 252 1547 que
273 1468 346 1528 nulli
368 1486 492 1547 parcere
515 1466 621 1529 sueuit.

195 1574 385 1636 Procedente
406 1583 545 1652 ternpore
597 1627 602 1636 .

195 1687 283 1757 pater
304 1677 451 1758 incipiens
472 1676 656 1739 decumbere

155 1811 182 1849 ⁴0
195 1794 355 1863 correptus·
372 1784 457 1844 febre

196 1899 326 1949 mortem
350 1888 407 1950 sibi
428 1885 521 1949 sensit
541 1884 657 1946 adesse

195 1992 307 2054 Seruos
327 1992 441 2073 legavit

196 2099 309 2159 multos
331 2098 503 2176 multosque
524 2091 657 2156 vomuit.

198 2202 315 2263 Assunt
336 2199 458 2281 cognati

157 2333 183 2372 ⁴⁵
197 2307 264 2370 noti
284 2306 448 2386 reliquique
469 2303 580 2379 vocati,
658 2348 662 2358 .

197 2409 260 2491 Qui
280 2410 395 2492 gemitu
417 2424 532 2488 magno

197 2515 327 2596 juspiria
343 2513 434 2576 traxit
454 2513 494 2575 ab
515 2529 599 2592 ymo,
656 2577 657 2582 χ

198 2621 262 2699 Qui
283 2620 408 2682 tandem
425 2636 543 2680 vocem·

199 2724 363 2786 lacrimans
385 2723 523 2804 prorupit
543 2721 580 2784 in
599 2720 705 2782 istam

160 2857 187 2898 so
206 2831 308 2892 »Bene
329 2827 452 2892 venistis
472 2824 597 2909 cognati

199 2945 231 2996 et
252 2934 344 2996 amici
364 2933 430 2997 noti
451 2944 482 2995 et
502 2930 632 3014 proximi
654 2929 724 3002 mei,
791 2953 794 2957 ·

199 3041 353 3102 detectum
375 3039 437 3100 vite
458 3037 563 3100 sencio

201 3155 232 3207 et
246 3163 303 3206 vos
318 3142 539 3204 carrisimorum
555 3159 693 3202 meorum
708 3151 822 3203 tutores
838 3140 997 3204 constituo.

205 3250 287 3310 Ecce
309 3248 418 3309 ridetis
440 3264 586 3326 magnum
607 3245 751 3308 decorem
1008 3323 1014 3332 ·

161 3381 187 3419 ες
202 3370 365 3432 puerorum
380 3397 387 3413 .
402 3362 433 3413 et
453 3370 578 3429 grauem
601 3361 633 3411 et
653 3349 746 3412 animi
760 3349 822 3412 mei
837 3368 996 3412 merorem.

203 3457 294 3540 Nunc
315 3456 476 3534 sperabam
495 3455 560 3517 istis
582 3455 709 3516 feliciter
729 3473 947 3517 consenescere

148 3578 153 3590 ·
202 3571 234 3623 et
254 3560 299 3623 eis
321 3559 353 3620 in
374 3562 505 3621 tutumm
527 3559 712 3640 prospicere,

205 3666 268 3728 Sed
289 3684 372 3726 mors
393 3664 508 3726 instans
529 3684 594 3726 non
615 3663 769 3744 permittit,

200 3790 261 3851 que
284 3790 342 3844 me,
365 3781 399 3830 vt
419 3788 518 3849 spero,
542 3770 583 3831 ad
605 3785 730 3848 superos
751 3767 852 3830 mittit.

162 3893 190 3934 so
202 3874 329 3938 Interim
349 3873 438 3935 vobis
459 3893 545 3936 meos
568 3872 715 3952 consigno

204 3981 291 4044 simul
313 3991 343 4042 et
364 3978 498 4040 animam
520 3977 698 4041 comitto«

202 4087 286 4147 Inter
307 4085 400 4146 verba
421 4080 720 4156 disputantem,
753 4105 756 4110 ·
854 4116 856 4120 ,
908 4176 912 4183 ι
938 4100 942 4105 ·
974 4103 976 4108 -

814 4275 842 4332 Χ
