3075 4600
805 261 845 314 .“
890 258 1018 330 02‘..

623 437 777 505 nsorebus
798 432 889 498 armis
910 456 974 497 non
995 436 1140 499 ultimum.

687 540 847 621 Colligitur
866 540 1006 620 hospicio

687 662 707 705 a
728 642 787 705 ciui
808 644 1011 720 nobilissim03

686 750 720 809 fit
739 748 863 810 domine
884 769 978 829 quam
998 748 1123 810 celebris

685 852 775 915 huius
797 854 837 915 ad
859 865 968 915 uentus
987 852 1125 932 hospitis,

627 986 677 1025 Μ,
690 958 730 1019 Et
752 958 804 1037 qui
827 958 926 1038 ipsum
948 959 1109 1037 collegerat

603 1130 607 1137 ¹
688 1082 765 1125 rurus
788 1062 936 1125 maiorum
958 1064 1054 1124 fuerat

688 1167 729 1229 ad
750 1178 857 1228 nutum
880 1166 1115 1247 dispensauerat.

687 1290 747 1351 que
767 1273 818 1333 ille
839 1272 1027 1351 disposuerat

687 1388 718 1437 et
738 1387 854 1455 quanto
874 1375 1027 1438 iio‘eratior

625 1496 678 1539 10⁶0
689 1490 776 1542 tanto
797 1482 833 1541 tit
853 1481 967 1560 hospes
987 1480 1114 1559 grauior.

714 1663 944 1745 Capitulum
964 1666 1118 1727 xxm*-

688 1795 789 1967 HT
810 1901 851 1962 de
876 1900 958 1962 same
979 1900 1122 1980 preconio
1183 1890 1187 1896 ¹
1282 1883 1285 1887 ⁸

687 2017 795 2066 notum
814 2007 850 2067 fir
870 2003 1020 2084 gregorio,

687 2108 780 2189 ipsius
801 2109 892 2171 castri
912 2110 1069 2171 dominam

688 2215 855 2276 formosam
877 2226 908 2276 et
926 2213 1117 2276 iuuenculam

633 2334 683 2386 xeos
697 2331 728 2381 et
749 2318 851 2381 animo
873 2339 1043 2400 proponere

690 2425 815 2486 vlterius
836 2443 900 2487 non
922 2425 1036 2487 nubere

587 2611 589 2615 ι
684 2539 716 2590 et
736 2528 918 2608 quodiram
938 2541 1137 2600 contraxerat,

687 2632 758 2713 quia
776 2633 847 2695 duci
869 2653 933 2695 non
955 2645 1108 2712 nupoerat,

686 2746 782 2814 optat.
805 2746 839 2796 vt
859 2755 928 2800 eam
950 2738 1068 2813 videat;

627 2862 678 2902 roro
690 2839 745 2901 sed
764 2838 893 2919 qualiter
912 2841 974 2902 hoc
994 2840 1118 2921 impleat

688 2943 849 3005 consilium
871 2957 1014 3026 expetere

687 3047 769 3127 cepit
789 3069 808 3111 a
829 3067 885 3111 suo
904 3050 1033 3129 hospite.

690 3152 756 3213 Nec
778 3153 878 3215 minus
900 3156 1092 3216 affeetauerat

689 3257 755 3329 hec,
778 3259 863 3337 quod
883 3258 983 3339 ipsum
1003 3259 1113 3331 rideat,

627 3385 677 3426 sors
691 3361 731 3422 de
752 3380 814 3441 quo
835 3361 979 3424 virtutum
1001 3359 1130 3442 plurima

688 3466 825 3528 audierat
845 3466 985 3546 insignia,

690 3589 762 3632 cum
784 3583 887 3634 tamen
908 3590 1029 3652 prorsus
1049 3570 1164 3632 nemini

690 3693 724 3736 se
743 3675 900 3755 ingerebat
920 3675 1032 3754 hospin'
1068 3695 1070 3698 ·

690 3777 742 3838 tali
762 3779 976 3843 demonstrans
996 3779 1072 3842 serio

628 3883 765 3942 zoonulli
787 3882 955 3945 subiectam
976 3884 1097 3964 gaudio.

690 3983 752 4046 Sed
775 3984 826 4047 vix
847 3987 945 4049 videri
966 3989 1064 4067 poorit

690 4108 761 4150 cum
781 4089 874 4151 limen
894 4091 1000 4170 templi
1020 4092 1112 4172 pecijt
1185 4110 1188 4117 ·

690 4202 722 4254 et
742 4203 865 4254 vacaret
888 4195 1010 4256 assidua
1064 4219 1067 4226 ·
