3075 4600
703 424 777 468 cure
797 405 858 468 iam
879 406 1020 486 preterite

704 510 778 573 noui
799 510 920 591 pauoris
940 530 1060 590 genere

703 616 768 689 Ille,
790 614 842 695 qui
863 616 1022 688 defecerat,

651 736 692 785 sss
705 740 739 782 se
759 722 934 801 elongatum
955 720 1072 782 uiderat

706 826 746 887 ab
767 825 852 888 omni
872 824 1078 887 consolamine

704 942 736 992 et
755 932 912 991 oculorum
931 930 1054 991 lumine.

703 1036 813 1096 Natale
833 1038 931 1097 solum
951 1037 1066 1108 uberat,

704 1140 790 1218 quod
810 1140 940 1218 gemitus
961 1141 1111 1213 effecerat,

652 1260 692 1309 διο
704 1244 847 1305 turbabat
866 1246 947 1306 hunc
969 1244 1127 1324 sepissime

703 1348 848 1410 absencis
869 1348 980 1410 familie

702 1464 734 1514 et
754 1453 865 1515 domus
886 1454 1062 1516 recotdscio

703 1570 735 1619 et
754 1557 993 1638 propinquorum
1013 1556 1182 1637 elongatio.

705 1662 878 1725 Precunctis
900 1662 956 1724 sed
978 1662 1124 1724 memoris

651 1782 691 1834 *ιε
703 1766 814 1829 sororis
835 1778 881 1830 est
902 1765 934 1828 in
952 1768 1056 1829 enims

702 1885 734 1933 et
754 1874 854 1933 turbat
876 1872 957 1932 hunc
978 1890 1031 1949 pre
1052 1872 1193 1933 omnium

703 1974 767 2037 eius
790 1995 877 2048 umor
897 1975 1013 2037 noxius
1058 2044 1063 2047 ,

702 2080 834 2141 Somnus
856 2081 944 2142 abest
962 2080 1097 2163 noctium

703 2202 762 2244 nec
783 2185 834 2244 lux
854 2197 900 2247 est
919 2185 1147 2265 quiescentium.

649 2308 691 2358 ες.
703 2289 765 2352 Sed
786 2290 909 2352 turbant
928 2310 999 2352 eum
1020 2289 1133 2370 puriter

700 2405 732 2456 et
753 2414 816 2456 nox
835 2407 867 2456 et
887 2396 953 2457 dies
973 2395 1091 2458 acriter.

701 2500 752 2562 Sic
773 2500 831 2563 iste
852 2501 946 2562 vitam
967 2501 1107 2562 reddidit

704 2607 787 2667 vnde
808 2625 894 2667 soror
913 2606 1071 2667 contabuit
1170 2621 1174 2630 ’

700 2720 812 2790 optans
834 2709 912 2771 moti
932 2711 1057 2772 oeletius

650 2830 690 2881 ⁸⁵⁵
702 2814 729 2876 si
748 2815 909 2896 phcuisset
928 2814 1044 2878 celitus.

742 3119 972 3200 Capitulum
998 3120 1107 3180 nul·-

702 3361 866 3522 &Ercis
884 3447 935 3507 lux
957 3449 1072 3520 adast,

700 3553 786 3631 quod
806 3551 952 3614 infantem
972 3552 1176 3614 commiserat

703 3655 826 3716 marinis
847 3657 954 3719 dolens
975 3657 1126 3730 fluctibus,

699 3780 780 3835 cum,
802 3780 883 3837 eooe,
905 3763 989 3824 venit
1008 3759 1136 3821 nuncius

648 3880 688 3922 ts·
699 3883 856 3945 exponens
875 3865 932 3928 ista
952 3865 1074 3947 pauide,

700 3971 775 4030 dum
797 3971 933 4049 queritat·
947 3971 1073 4032 ecclesie

703 4088 899 4138 sacrosancts
916 4075 1032 4136 lumine
1117 4071 1121 4074 ’

700 4189 732 4238 et
752 4173 894 4261 [domini]
917 4179 1067 4257 suffragia.
