3075 4600
802 378 844 389 ..
890 354 1033 416 104·-

607 574 611 582 .
698 529 732 575 vt
752 511 827 593 ipsis
848 510 997 591 equitania

699 627 844 680 scrutetur
864 613 1048 695 diiigencius‚

648 754 685 793 ωε
699 734 732 783 ut
749 732 836 801 pater
856 720 915 781 deo
935 719 1060 799 placitus

700 826 834 907 ipsorum
857 842 911 904 per
930 822 1091 885 conamina

698 929 778 991 vrbis
798 928 922 989 intraret
941 926 1050 988 menia

699 1035 751 1096 Sic
770 1053 828 1096 sua
849 1030 1018 1095 testimonia

702 1140 914 1202 confirmarent
932 1156 987 1215 per
1006 1133 1116 1197 omnia
1178 1176 1181 1185 -

748 1344 973 1427 Capitulum
999 1344 1089 1405 XV*

647 1584 688 1623 seo
700 1470 861 1641 PAucs
881 1555 1029 1634 parebant
1049 1550 1181 1630 partibus

699 1678 752 1721 seu
773 1657 869 1737 magis
888 1658 988 1719 dicam
1010 1655 1157 1716 nauibus.

701 1764 758 1826 iter
778 1772 953 1843 preceptum
973 1759 1132 1829 inchoant..

703 1869 759 1931 sed
779 1878 884 1929 tamen
904 1864 993 1925 valde
1014 1859 1151 1923 dubitant

697 1974 737 2036 de
757 1971 914 2034 nominato
932 1967 1033 2048 lapide

646 2106 685 2145 ses
699 2076 763 2139 siue
784 2077 824 2138 de
846 2074 1017 2165 solitudine,-

696 2181 727 2244 in
748 2201 810 2260 qua
832 2180 879 2240 vir
900 2188 1020 2239 sanctus
1040 2173 1145 2247 latitat,

697 2285 749 2367 qui
769 2296 833 2349 tam
855 2284 973 2364 ignotus
995 2282 1100 2343 fuerat·

697 2394 829 2454 Intratur
849 2387 1009 2469 equitania,
1070 2439 1076 2446 ,
1110 2433 1114 2438 .

699 2507 828 2577 querunt
848 2512 902 2574 per
920 2494 990 2554 loca
1010 2491 1135 2570 singula,

647 2629 687 2666 sto
698 2599 771 2680 quid
792 2598 910 2660 dicatur
927 2596 961 2658 in
982 2596 1096 2676 populo
1119 2653 1123 2659 ,

698 2707 738 2768 de
760 2706 823 2766 hoc
844 2703 909 2764 viro
929 2699 1127 2762 sanctissimo.

704 2805 876 2888 »Cognouit
896 2804 941 2866 vir
959 2813 1012 2865 aut
1032 2800 1144 2863 semina

681 2995 684 3000 Ι
700 2913 788 2974 huius
808 2913 890 2972 fame
910 2907 1061 2990 preconia.

698 3028 744 3078 est
766 3015 813 3077 vir
832 3017 891 3076 deo
911 3011 1085 3075 notissimus
1184 3045 1188 3050 -

647 3149 686 3188 su
699 3133 729 3185 et
751 3121 850 3182 dictus
870 3130 915 3180 ast
935 3113 1124 3199 gregorius&

646 3294 653 3304 ,
703 3225 791 3288 »Non
812 3235 859 3286 est
878 3234 952 3284 nota
972 3221 1004 3282 in
1026 3218 1143 3299 populis

698 3329 785 3390 huius
806 3328 898 3401 sama,
919 3345 1011 3405 quem
1031 3321 1178 3403 queritis«

700 3453 762 3495 non
785 3443 831 3494 est
852 3431 907 3505 vir,
928 3430 981 3510 qui
1003 3426 1128 3490 audierit

699 3537 871 3619 gregorium
890 3537 938 3598 uei
957 3532 1085 3596 nouerit

648 3670 687 3708 ⁵²0
700 3645 751 3705 Sic
770 3661 833 3722 quo
855 3641 1005 3703 diuertunt
1025 3635 1173 3706 nesciunt,

699 3768 777 3810 vane
799 3747 896 3809 redire
917 3754 1063 3814 metuunt,

700 3864 803 3914 tamen
824 3847 950 3912 occurrit
971 3845 1074 3908 animo
1130 3885 1136 3892 -.

700 3954 870 4036 perquirere
890 3953 929 4014 de
947 3951 1071 4012 heremo

698 4057 824 4122 scrutari
844 4054 1027 4128 solitudines,
1078 4093 1082 4099 -

650 4190 689 4230 ιιι
701 4164 726 4226 si
743 4164 822 4224 forte
843 4163 917 4222 fiant
928 4157 1094 4238 'compotes

700 4265 843 4334 inuenire.
865 4262 948 4341 quod
969 4260 1119 4338 queritaut
