3075 4600
825 298 1035 356 „⁶0-

712 462 851 523 humanis
871 456 1046 525 necessariis
1124 488 1129 497 ’

710 566 792 628 victu
812 579 845 630 et
864 568 955 629 armis
974 568 1118 648 plurimis,

709 674 795 734 Auro
816 671 904 733 simul
923 684 955 735 et
975 674 1110 736 vestibus

601 798 604 803 ·
656 790 698 840 sto
712 787 743 837 et
764 776 867 840 vsrbus
888 777 1086 857 equestribus.

709 881 805 943 Nauis
825 894 931 961 parata
950 893 1082 956 steterat,

710 999 798 1067 pater
818 988 961 1049 dilectum
982 1000 1124 1067 properat

710 1090 752 1151 ad
773 1091 937 1153 anchoram
958 1093 1108 1155 deduoete
1171 1118 1176 1125 ·

712 1196 801 1257 turba
819 1196 952 1259 fraterna
968 1197 1089 1269 comite.

659 1310 699 1365 ott
712 1318 770 1361 uec
790 1300 831 1361 ab
846 1299 915 1380 ipso
933 1301 1106 1374 diuiditur‚¹

709 1404 809 1465 donec
828 1424 938 1467 nauem
959 1404 1130 1486 ingredittu.

710 1518 886 1586 separanttu
906 1529 977 1571 cum
996 1510 1127 1573 lacrimis

708 1622 795 1691 pater
814 1632 907 1675 senex
928 1624 960 1675 et
977 1598 1103 1690 iuuenis,

708 1729 937 1797 prospectantes
958 1736 993 1781 se
1011 1734 1117 1782 mutuo

657 1818 876 1899 „olouginquo
897 1819 988 1884 maris
1009 1822 1123 1903 spacio,
1244 1835 1267 1892 J

709 1924 810 1985 donec
829 1924 916 1987 nauis
935 1926 1082 2008 abripitur
1177 1936 1181 1940 '

625 2015 629 2023 ’
707 2038 739 2088 et
758 2028 846 2090 visus
861 2028 1081 2097 intercluditur*

708 2133 764 2195 Ille
782 2133 891 2197 terratis
911 2134 1007 2197 oculis

708 2239 748 2301 ad
770 2238 927 2302 dominum
947 2260 1018 2303 cum
1037 2240 1168 2305 lacrimis
1229 2265 1235 2277 ·

654 2371 695 2411 ms
707 2345 838 2407 extensis
857 2357 925 2407 orat
946 2345 1095 2421 manibus,

711 2459 744 2510 vt
765 2467 800 2510 se
819 2469 875 2529 per
896 2469 981 2513 mare
1000 2451 1120 2531 longius

708 2562 910 2615 tramuectum
931 2575 987 2635 spe
1007 2557 1065 2618 sub
1086 2557 1178 2619 dubis

673 2680 676 2685 ·
709 2655 760 2718 via
781 2656 913 2720 deducat
932 2678 1088 2739 prospera.

709 2761 857 2823 mandans
878 2763 1139 2842 gubernatoribus,

637 2867 1190 2930 mvtvelacumrudentrbm·‘
1254 2927 1264 2946 ,

706 2968 778 3031 illuc
796 2983 938 3051 prompte
958 2971 1130 3052 dirigerent,

707 3093 770 3152 quo
791 3093 825 3136 se
845 3075 933 3137 flatus
954 3074 1148 3137 deducerent

709 3180 749 3240 Et
771 3178 816 3240 sic
835 3179 967 3242 emensis
987 3178 1126 3243 fluctibus

709 3302 764 3362 per
785 3295 897 3345 tractus
918 3283 1008 3345 maris
1026 3284 1146 3364 longius

647 3415 698 3455 ιωι
708 3387 796 3450 breui
816 3389 932 3452 dierum
952 3389 1066 3451 circulo

708 3512 798 3554 cursu
816 3493 921 3556 directi
941 3513 1090 3574 prospero

709 3608 846 3659 materna
867 3610 972 3660 tenent
988 3598 1091 3661 littora

708 3715 779 3782 90⁵²
799 3705 915 3766 mm
936 3703 1077 3784 patmus

707 3807 752 3869 Ut
772 3807 888 3869 dictum
908 3821 956 3871 est
975 3810 1112 3889 superius

648 3937 700 3966 1020
712 3924 881 3974 maternum
902 3915 1001 3976 solum
1020 3913 1139 3994 penitus

710 4028 861 4078 vastatum
881 4029 929 4080 est
947 4019 988 4080 ab
1009 4018 1158 4091 hostibus,

707 4121 793 4198 quod
812 4122 925 4184 fecerat
946 4124 1008 4185 dux
1028 4122 1147 4203 impius,

708 4223 761 4302 qui
780 4225 969 4305 desponsare
988 4225 1083 4288 voluit

709 4324 816 4406 ipsam,
837 4329 921 4406 quod
942 4328 993 4390 ina
1010 4328 1139 4392 retinuit
