3075 4600
861 246 1075 305 -so-

712 392 789 453 nulli
809 412 866 455 suo
887 396 1047 459 consortio

711 516 858 576 umquam
879 500 938 561 frui
959 500 1117 581 disposuit,

711 601 787 662 dum
806 606 996 684 precedentis
1018 607 1155 669 meminit

710 708 838 783 peccati,
860 712 945 790 quod
965 722 997 773 et
1017 712 1121 774 doluit

657 838 697 878 oss
711 810 836 887 Dicens,
858 833 892 877 se
914 815 1164 877 formosissimum

711 935 859 994 sponsum
881 931 913 981 et
932 921 1206 999 prestantissimum

708 1020 825 1084 habere
846 1043 992 1105 magnum
1014 1044 1134 1105 genere,

709 1125 759 1186 cui
781 1140 851 1189 sunt
871 1148 948 1209 opes
967 1130 1105 1211 plurime„

713 1232 816 1292 »Huic
836 1252 994 1313 nunquam
1015 1237 1109 1297 ullum
1124 1239 1285 1317 weseram,

655 1360 696 1401 ,ιο
709 1346 742 1395 vt
761 1336 848 1398 aiteri
869 1338 931 1399 iam
953 1340 1102 1419 placeam.

708 1459 779 1501 cum
800 1442 858 1503 sim
879 1446 1045 1507 constricta
1066 1445 1177 1509 intimis

707 1544 772 1605 eius
794 1548 907 1609 amoris
929 1550 1088 1613 vinculis«
1149 1592 1154 1600 ·

709 1650 862 1712 Christum
885 1672 988 1733 regem
1010 1654 1167 1729 dssexerat,

706 1755 757 1816 cui
778 1775 813 1817 se
833 1768 932 1819 totam
954 1773 1102 1836 uouerat,-

650 1884 690 1926 ,ις
703 1869 735 1920 et
755 1862 900 1924 studebat
920 1864 1066 1926 continue

706 1962 770 2025 eius
793 1968 913 2045 placere
934 1968 1044 2048 gracie.

704 2068 849 2132 Vacabat
868 2073 1043 2135 elemosinis
1084 2124 1086 2128 .

706 2184 738 2233 et
756 2176 898 2253 precibus
919 2179 1073 2240 continuis
1171 2168 1175 2177 ’

705 2278 788 2340 diem
807 2292 904 2343 totam
924 2282 1084 2358 deducere,

649 2409 691 2448 aas
703 2397 828 2446 noctem
849 2397 955 2449 tenent
976 2387 1087 2469 vigilie.

705 2488 844 2550 Turbata
864 2504 968 2556 mente
988 2494 1094 2568 iuerat,
1134 2539 1139 2550 .

704 2595 789 2671 quod
811 2595 974 2674 plurimum
995 2599 1136 2662 effecerat

705 2698 807 2758 cordis
831 2700 1059 2778 contribulacio,
1105 2745 1119 2781 0

700 2818 759 2879 que
781 2803 902 2866 sceleris
923 2818 970 2868 est
991 2808 1141 2899 remissio3

696 2959 702 2968 Ι
782 2997 1008 3074 Capitulum
1029 3003 1153 3063 XVII*

651 3229 690 3268 ⁹²⁵
704 3117 821 3287 non
839 3224 931 3303 longe
947 3225 1074 3305 quidam
1089 3242 1244 3291 manserat

544 3334 548 3340 '
705 3326 769 3387 dux
791 3341 955 3407 prepotens
976 3331 1029 3410 qui
1051 3334 1156 3408 fuerat,

703 3431 753 3491 cui
776 3433 940 3495 multorum
962 3438 1074 3498 relacio

703 3547 734 3595 et
755 3537 883 3600 celebris
905 3539 1011 3616 opinio

702 3641 844 3702 effecerat
864 3643 1056 3706 notissimam

650 3771 692 3810 9³0
704 3745 766 3804 iam
789 3747 975 3826 sepedictam
996 3751 1162 3812 dominam.

704 3849 778 3925 Qui,
801 3851 878 3913 sicut
897 3872 945 3915 res
966 3870 1157 3934 poposserat,

703 3953 777 4016 huic
795 3976 849 4034 per
869 3976 941 4020 suos
958 3962 1158 4023 mandauerat

704 4058 768 4120 eius
791 4061 875 4123 omni
896 4081 930 4124 se
951 4066 1054 4128 studio

701 4163 846 4245 coniungi
866 4167 1069 4231 matrimonio.
