3075 4600
824 214 1096 316 ’‘st-⁸

668 405 752 483 quod
772 406 929 485 gerebatur
950 407 1064 470 abdite.

669 506 761 584 Quod
782 529 872 589 super
891 522 946 585 est,
969 512 1118 575 detulerat

617 646 654 685 aas
666 628 697 677 ei
717 634 819 675 secum
839 628 1023 695 reposuerit,

666 733 699 782 ut
719 719 858 798 frequens
878 720 951 783 ilud
972 735 1085 801 augeat

667 836 697 887 et
719 842 812 905 puero
833 824 979 904 proficiat.

664 931 705 992 At
727 928 857 1010 piscator
876 930 1038 1011 pauperior

666 1035 706 1096 nil
729 1049 894 1098 remorams
915 1034 1030 1097 tardior

616 1169 656 1198 m
668 1138 748 1214 iecit,
771 1152 804 1201 vt
825 1139 936 1202 dictum
959 1139 1064 1202 suerat

666 1244 804 1305 meridies
821 1255 855 1305 ut
873 1244 986 1320 veniat,

666 1348 814 1410 Infantem
839 1359 958 1428 gestans
977 1350 1111 1429 brachiis

666 1453 802 1515 felicibus
823 1452 961 1533 auspiciis

666 1558 758 1619 limen
780 1556 856 1637 petit
875 1557 1003 1620 ecclesie

615 1690 653 1729 „s
667 1682 722 1725 sua
743 1672 888 1741 sequente
905 1659 1045 1741 coniuge

666 1766 728 1845 Qui
748 1778 782 1827 vt
800 1764 952 1845 perspexit
972 1764 1112 1827 cominus

666 1883 783 1953 patrem
802 1890 872 1933 cum
893 1869 955 1933 suis
976 1870 1129 1946 fratribus,

667 1996 739 2039 mox
760 1977 930 2056 accedebat
943 1974 1082 2055 propius,

668 2083 722 2144 sed
743 2094 846 2143 tamen
866 2100 929 2143 non
949 2078 1118 2159 intrepidus

618 2214 657 2254 ῳ
669 2186 727 2249 Sic'
739 2187 916 2265 inquerem:
941 2183 1003 2246 ami
1020 2185 1146 2247 domiue

669 2303 699 2354 et
720 2305 840 2372 patrum
860 2287 1068 2352 amantissime

668 2397 750 2459 hunc
769 2395 984 2477 baptizandum
1004 2398 1162 2474 paruulum

668 2504 767 2563 {orma
787 2512 851 2562 tum
871 2498 1027 2580 egregium

669 2606 761 2668 vestri
783 2603 985 2668 transmittunt
1005 2601 1119 2665 subditi

620 2739 658 2779 aas
671 2722 701 2773 et
722 2709 810 2772 vobis
831 2707 1013 2790 paratissimi

619 2895 623 2902 ι
668 2815 760 2878 frater
780 2834 864 2876 meus
884 2832 955 2884 cum
972 2813 1035 2874 filia

667 2931 766 2982 vestra
785 2919 898 2980 confisa
918 2918 1031 2998 gracia,

669 3037 702 3086 vt
722 3023 827 3087 vestris
847 3023 939 3084 sacris
958 3021 1101 3084 manibus

668 3128 720 3191 bic
739 3127 905 3208 baptizetur
924 3129 1068 3208 paruulus

620 3263 659 3302 ψ
671 3236 833 3314 Sperantes
852 3233 910 3294 bec
928 3229 1098 3311 peromuia‚

671 3340 753 3419 quod
775 3336 865 3417 ipsius
886 3336 1035 3398 memoria

671 3443 714 3506 sic
735 3444 840 3504 floreat
859 3443 927 3522 plus
948 3438 1066 3520 sepcies

670 3549 752 3629 apud
773 3548 863 3610 deum
885 3558 916 3608 et
933 3543 1087 3618 homiues,

671 3652 821 3733 Optantes
842 3648 1047 3721 deuotissime,

621 3787 658 3825 aas
671 3771 705 3819 vt
722 3756 774 3819 hic
792 3757 832 3819 de
850 3767 952 3818 vestro
973 3751 1098 3817 nomine

672 3880 724 3942 pre
745 3859 850 3923 ceteris
869 3859 907 3922 sit
926 3857 1034 3921 uocior

671 3966 765 4028 etsie
786 3965 867 4028 viuat
887 3959 1036 4027 feliciori«

672 4072 790 4132 Fratres
804 4071 911 4132 'leuant
931 4066 1092 4128 ridiculum

675 4174 816 4234 mirantes
835 4174 926 4233 talem
947 4168 1094 4254 rusticum
