3075 4600
520 220 733 280 ..3,..

309 390 349 431 ras
368 362 501 429 Diuiciaa
521 380 552 429 et
571 370 718 450 plurimas

367 470 514 533 offerebat
533 472 671 550 familiar,

364 575 452 637 villas
473 587 504 638 et
524 590 624 639 castra
643 582 774 661 plurima

296 662 300 673 ’
365 690 396 739 er
416 681 479 743 lata
499 682 573 743 satia
593 684 709 763 predia

362 784 432 847 Hec
452 784 484 847 in
504 786 608 849 dotem
630 793 849 870 spoponderat,

306 912 349 953 rso
362 888 417 951 sed
437 890 511 951 duru
533 892 625 955 nichil
645 896 825 975 profecerat,

361 1010 432 1055 usus
451 995 508 1057 suit
528 998 636 1061 aculeo

363 1097 446 1159 cirea
466 1100 557 1163 finem
578 1113 613 1165 vt
633 1104 764 1183 smrpio.

361 1200 516 1266 Minarum
538 1206 642 1287 spinas
665 1207 763 1271 intulit

358 1318 390 1368 et
410 1306 455 1370 sic
475 1328 543 1371 eam
562 1311 715 1387 deterruit,

305 1410 384 1477 sassi
404 1412 448 1474 sic
469 1412 567 1493 possit
587 1416 775 1498 oontingero

357 1516 441 1595 quod
463 1521 626 1597 expetebat
646 1522 769 1603 cupide.
803 1589 813 1601 ,

357 1622 405 1683 Illi
426 1624 579 1686 constanti
600 1626 705 1690 animo

357 1724 401 1787 sic
423 1729 628 1807 respondebat
649 1732 772 1809 nuncio,

355 1847 389 1891 se
410 1846 516 1893 vorum
537 1836 728 1899 confinende

305 1960 345 1999 rso
357 1936 525 1999 nullatenus
546 1938 722 2021 irrumpere.

355 2040 436 2113 Dux,
457 2054 493 2103 vt
511 2063 691 2124 responsum
712 2046 852 2128 percipit,

353 2148 534 2222 quantocius
555 2149 713 2212 infremuit

353 2248 432 2311 ferro
453 2247 524 2330 igue
545 2253 709 2317 latissimos

351 2352 415 2415 eius
436 2375 614 2434 percurrens
633 2361 783 2423 terminos

300 2483 339 2522 sss
354 2455 404 2518 Sic
422 2461 493 2522 loca
513 2463 728 2526 venustisnma

351 2562 427 2624 cede
449 2566 580 2629 vastauit
601 2578 747 2634 maxima.

350 2667 431 2728 Vrbs
453 2680 484 2728 et
505 2671 587 2731 nulla
605 2673 703 2735 tuerat

350 2790 443 2850 quarn
465 2793 528 2834 non
547 2776 664 2838 bellans
686 2791 853 2859 euerterat3

350 2896 412 2939 vna
432 2889 550 2940 tantum
571 2897 766 2958 remanserat,

295 2988 408 3061 stoque
428 2984 603 3065 principalis
621 2988 730 3062 fuerat,

253 3093 257 3102 '
350 3105 409 3166 que
431 3090 496 3150 sola
516 3090 568 3152 vir
588 3091 774 3169 subsisteret,

349 3189 374 3249 si
396 3209 459 3251 nou
481 3192 579 3273 ipsam
600 3209 783 3278 protegeret,

348 3293 400 3370 qui
422 3297 504 3360 solus
519 3302 622 3362 omnia
642 3313 727 3366 tenet

347 3398 448 3460 omnia
468 3421 523 3480 per
541 3409 710 3470 seculorum
733 3413 844 3473 secula.

409 3584 545 3662 Liber
569 3593 802 3670 secundus„

363 3727 617 3806 Capitulum
650 3736 843 3815 primum.

319 3848 445 4020 aar
467 3942 678 4019 procedamus,
746 3973 749 3980 ·

342 4061 426 4128 nuuc
445 4043 492 4104 his
513 4047 604 4106 finem
627 4048 786 4124 faciamus,

343 4145 440 4204 ventis
462 4148 530 4206 vela
551 4149 671 4225 damus,
