3075 4600
693 249 1041 331 ·-5⁶-‘

594 446 635 495 a·
647 426 824 507 acquiescas
845 419 982 492 consilio,

647 545 681 595 ut
702 541 822 593 mutato
842 524 1000 608 proposito

647 650 708 700 stes
726 634 850 697 habitus
871 653 928 714 pro
947 628 1037 691 filios

711 802 945 883 Capitulum
974 794 1112 857 xum-⁴·

650 904 890 1078 ssEspondit:
917 992 1010 1056 »meis
1031 988 1137 1066 studijs

517 1171 519 1175 .
651 1125 718 1167 non
738 1102 828 1164 nimis
845 1098 954 1162 vestris
976 1093 1095 1159 monitis

601 1228 640 1278 ⁸⁴⁵
652 1209 752 1271 uelitis
772 1205 992 1276 contradicere,

651 1314 725 1393 quia
746 1313 819 1373 volo
837 1308 1007 1391 persistere.

657 1420 689 1480 Si
711 1419 781 1498 plus
801 1412 911 1494 quietis
933 1410 1139 1479 commodum,

653 1542 747 1603 quam
768 1523 848 1583 tame
869 1519 980 1581 vellem
1000 1513 1148 1585 mer-itum,

585 1714 588 1717 Ι
655 1627 717 1690 Hic
738 1638 877 1707 poteram
900 1620 1077 1691 consistere,

606 1750 646 1801 ase
658 1732 701 1794 mi
720 1743 819 1814 pater,
840 1724 1034 1809 quietissime.

657 1839 736 1900 Sunt
755 1838 841 1908 tales,
865 1832 918 1914 qui
936 1828 1079 1893 inerciam

611 2002 614 2009 ,
657 1952 812 2004 sectantur
831 1941 900 2019 plus
920 1954 1013 2016 quam
1032 1929 1158 2013 gloriam

657 2046 691 2108 hi
713 2027 870 2126 postremo
892 2038 1046 2110 deficiunt,

659 2153 735 2214 dum
757 2149 800 2210 nil
817 2148 932 2209 fruetus
952 2141 1110 2223 recipiunt

609 2272 649 2324 ass
660 2258 781 2336 Pauper
800 2271 864 2315 uon
885 2262 933 2314 est
953 2249 986 2311 in
1006 2246 1084 2310 vicio

665 2380 705 2423 ex
726 2371 835 2421 nature
855 2355 978 2424 iudicio.

661 2465 724 2526 seu
745 2463 819 2526 fast
841 2461 930 2522 vaae
951 2437 1120 2542 catenen

664 2570 755 2632 rebus
778 2559 869 2629 ditari
888 2579 1065 2646 pauperem.

663 2675 711 2736 Illi
731 2681 874 2734 crescunt
894 2667 1012 2740 diuicie,

613 2796 735 2842 uocum
758 2774 877 2838 uirtutis
898 2769 1065 2849 munimine

664 2885 699 2946 tit
720 2881 863 2963 omnibus
883 2874 1043 2941 laudabilis

666 2989 821 3069 prectarua
841 2996 873 3047 et
894 2978 1047 3047 mirabitis

667 3095 724 3154 Est
744 3109 848 3153 meum
867 3083 1083 3169 patrimonium

670 3195 766 3258 virtus
788 3205 820 3256 et
840 3195 934 3255 robur
953 3189 1070 3252 virium

619 3318 658 3370 “s
670 3303 792 3363 Natura
811 3300 906 3362 docus
927 3294 1088 3376 plurimum

672 3418 704 3469 et
723 3423 815 3486 spero
836 3422 900 3464 non
920 3400 952 3462 in
973 3413 1103 3459 uacuum

674 3510 748 3573 mihi
770 3528 868 3589 paruo
887 3504 1067 3587 prestiterat,

675 3618 752 3676 dum
772 3632 856 3675 nunc
875 3612 997 3673 fortuma
1016 3607 1128 3666 faueat.
1239 3613 1245 3621 ’

673 3723 768 3782 Forte
789 3737 853 3783 non
871 3710 928 3777 erit
946 3711 1051 3774 inuida

630 3844 670 3893 aa
684 3824 761 3887 dum
783 3841 853 3883 mea
876 3817 968 3880 senfit
988 3804 1098 3877 studia.

677 3927 846 3992 elaborabo
867 3936 1010 4009 strennue

680 4034 730 4095 uel
750 4030 877 4092 inuitam
898 4026 1100 4108 contingeret
1156 4044 1169 4099 j

592 4135 597 4146 ⁵
678 4141 720 4200 Et
740 4135 813 4215 quia
834 4151 909 4194 ceos
929 4128 1069 4201 creditum

678 4259 785 4304 errans
805 4238 885 4299 torte
904 4231 1089 4296 conuertiuu
