3075 4600
497 406 734 469 ,ffl-

427 556 661 639 Capitulum
686 558 801 619 xxm
905 592 909 597 ·

349 694 486 863 Dixit
504 794 535 846 et
552 783 595 845 ire
617 782 722 859 voluit,

350 886 402 969 qui
423 906 456 949 se
478 890 636 951 detentum
658 888 755 951 doluit

297 1010 338 1061 a„
351 1004 416 1053 tam
436 990 559 1073 prolixis
581 992 781 1066 sermombru,

352 1114 469 1159 rursum
491 1114 512 1156 e
532 1092 701 1158 senioribus
772 1138 781 1153 .

352 1198 529 1263 iuramentis
549 1197 765 1279 constringitur

351 1316 383 1367 et
404 1321 528 1365 manere
548 1301 747 1383 compellitur,

352 1420 386 1470 vt
407 1405 507 1469 verius
527 1404 684 1485 intelligat,

300 1528 343 1571 tao
355 1530 415 1592 que
435 1512 476 1573 ab
498 1510 572 1590 ipsis
593 1508 739 1572 audierat

356 1615 534 1679 offerebant
553 1634 587 1677 se
609 1614 730 1695 pariter,

355 1718 397 1781 illi
418 1718 676 1781 sacramentaliter

308 1902 319 1919 ·
360 1835 503 1899 astruere,
525 1842 585 1905 que
606 1822 754 1898 dixerant,

356 1940 390 1989 vt
411 1928 438 1989 ei
459 1929 554 1992 fidem
576 1928 699 2002 saciant,

303 2046 342 2099 aas
356 2034 440 2111 quod
461 2034 549 2114 ipsos
569 2035 646 2096 deus
668 2030 780 2095 miserit

356 2148 387 2199 et
408 2126 466 2199 'hec
485 2137 571 2199 iussa
592 2136 790 2199 mandauerit
879 2116 886 2128 ⁸

356 2240 425 2321 Hijs
446 2242 558 2306 ruditis
580 2242 681 2306 senior

357 2365 521 2428 parumper
542 2349 641 2410 iaetus
659 2345 758 2409 lenior

355 2449 483 2531 accepit,
505 2470 566 2532 que
587 2452 726 2514 audierat

304 2568 345 2622 ⁸⁹⁰
357 2566 389 2617 et
410 2555 510 2618 taliter
531 2557 744 2636 responderet:

362 2660 453 2720 »Mea
473 2659 531 2722 seit
552 2659 745 2722 consciencia

358 2761 510 2826 immensa
530 2783 601 2826 mer
615 2743 758 2838 ’rtrinrirra

358 2887 417 2947 que
439 2868 580 2930 commisi
599 2868 775 2930 iuuencelus

358 2973 478 3035 effrenis
500 2984 532 3035 et
550 2973 728 3046 indomitus,

309 3089 348 3142 ⁸⁹3
362 3076 417 3137 sed
438 3077 463 3138 si
485 3097 569 3139 meas
589 3077 723 3140 insanius
747 3066 756 3091 ⁷

361 3179 465 3242 christi
486 3180 599 3244 deleuit
621 3183 729 3262 pietas,

364 3304 423 3364 que
443 3304 536 3347 omne
556 3287 675 3348 crimen
695 3296 826 3366 superat,

364 3409 419 3470 per
439 3409 532 3469 quem
553 3389 653 3472 quiuis
672 3402 839 3471 recuperat,

359 3493 507 3574 quidquid
528 3495 690 3573 peccando
712 3494 855 3576 perdidit,

308 3627 349 3668 ,ω
361 3598 412 3678 qui
433 3609 563 3660 mortem
583 3611 721 3661 nostram
743 3598 879 3674 destruit,

362 3715 392 3764 et
413 3723 472 3763 nos
491 3704 533 3764 ad
552 3702 648 3764 vitam
670 3715 799 3782 reparat,

361 3825 439 3885 quos
460 3805 551 3868 morti
571 3807 780 3886 deputauerat.
809 3883 812 3887 ¹

362 3910 453 3971 Nunc
474 3929 544 3972 mea
566 3910 747 3989 penitencia,
879 3948 884 3953 ·

361 4014 387 4076 si
407 4013 534 4077 domino
556 4014 596 4076 sit
614 4016 736 4096 placitu,

309 4146 350 4188 905
362 4119 416 4179 fiat
435 4117 526 4179 nobis
547 4119 694 4181 indicium
794 4181 800 4190 ,,

362 4238 417 4298 per
438 4220 597 4279 dominum
617 4239 682 4279 non
703 4220 839 4296 dubium,

314 4389 316 4392 .
365 4332 398 4382 ut
419 4321 513 4380 clauis
534 4322 577 4380 ad
598 4338 656 4379 nos
676 4321 792 4393 redeat,

872 4417 909 4470 ⁸0
