3075 4600
795 384 1030 443 -116-

642 573 703 631 que
725 571 775 613 me
796 551 857 612 iam
878 550 1000 631 pridem
1021 552 1171 611 clauserat
1272 584 1274 589 ·

644 656 674 717 in
697 669 759 719 taur
782 656 921 717 districta
940 654 1101 734 compede.
1168 696 1175 717 ,

590 772 675 829 pout
696 759 806 822 Videtis
826 758 858 820 iu
878 758 991 838 lapide,

644 868 707 925 Aut
730 866 916 947 permanebo
937 863 1076 943 penitens

643 970 692 1028 hic
716 969 809 1028 finem
831 966 891 1028 vite
913 966 1062 1029 laciensis

703 1160 932 1239 Capitulum
953 1164 1108 1223 XX11112·

644 1294 752 1461 ISta
770 1390 903 1467 piscator
925 1389 1052 1452 audiens

647 1496 736 1555 etde
758 1492 917 1554 transactis
937 1496 1077 1572 penitens

592 1626 631 1665 ,ιε
646 1595 835 1677 prouoluitur
854 1594 887 1655 in
908 1615 1009 1674 genus

645 1721 700 1763 sua
721 1700 884 1779 deplorans
905 1700 1046 1763 crimina:

651 1808 769 1876 »Sum«
796 1801 909 1881 inquid,
935 1825 1012 1886 »ego
1031 1810 1203 1886 pessimus·

647 1913 768 1989 hospes,
790 1926 881 1988 quem
903 1926 1035 1989 nequam
1057 1912 1176 1993 spiritns
1399 1896 1402 1900 '

613 2067 618 2076 .
645 2008 821 2093 instigabat,
839 2012 1009 2090 hospicium

592 2151 632 2191 φο
646 2119 734 2180 vobis
757 2106 870 2197 uegire
891 2116 1039 2191 debitum,
1065 2140 1070 2145 ·

646 2223 780 2303 Quando
801 2222 832 2283 in
855 2221 956 2283 christi
977 2224 1102 2285 nomine

646 2333 707 2392 hoc
727 2327 908 2408 querebatis.
921 2327 1027 2404 anxie3

648 2436 710 2496 Sed
731 2452 791 2512 ego
812 2433 1011 2495 contumelias

648 2539 751 2600 infelix
773 2550 805 2600 et
825 2537 947 2600 iniurias
1073 2534 1076 2539 ’

595 2671 636 2711 ras
649 2643 817 2705 reddebam
837 2662 894 2722 pro
915 2641 1055 2722 hospicio

649 2751 763 2826 pellens
785 2750 825 2810 de
846 2729 1022 2809 habitando

647 2864 678 2913 et
699 2854 776 2914 dura
794 2852 930 2914 vinctum
951 2853 1104 2932 compede

638 2938 709 3018 'roc
729 2956 829 3021 roem
850 2955 882 3016 n
902 2957 1015 3036 lapide,
1074 2955 1087 2980 ··

649 3062 742 3138 Quod
760 3060 849 3122 vobis
870 3062 994 3140 quidem
1014 3061 1169 3135 meritum
1214 3069 1222 3105 2

599 3195 640 3233 ψ
652 3165 725 3226 milri
749 3185 822 3226 vero
842 3164 1024 3246 supplicium

586 3283 588 3287 ·
650 3269 705 3331 erit
725 3269 756 3330 in
778 3280 969 3348 perpetuum,
1010 3265 1013 3269 ’

648 3374 705 3436 nisi
727 3386 859 3436 vestrum
882 3375 1056 3453 suffragium

650 3478 723 3541 mihi
742 3478 884 3560 peccanti
905 3476 1074 3552 subneuint,

652 3597 685 3646 vt
707 3587 783 3648 deus
804 3587 863 3646 hec
882 3584 1039 3663 indulgeat

597 3719 636 3761 9³5
649 3692 723 3752 Post
744 3691 909 3770 compedes
930 3689 975 3750 sic
995 3707 1138 3750 auxeram
1180 3689 1183 3693 ’

650 3795 741 3856 miser
763 3813 863 3856 meam
884 3792 1043 3868 insaniam,

649 3913 683 3961 vt
702 3918 870 3978 mergerem
892 3897 924 3958 iu
946 3899 1085 3960 fluetibus

651 4007 768 4067 clauem
789 4003 892 4065 infelix
910 4001 1056 4083 perditus,

651 4111 712 4172 Sed
734 4121 781 4172 est
801 4129 857 4188 per
877 4106 966 4188 piscis
986 4107 1103 4168 viscera
1215 4128 1223 4134 ·

599 4243 640 4284 oo
652 4215 709 4276 hec
731 4212 796 4276 heri
817 4211 890 4274 milri
912 4210 1042 4284 reddita,
1166 4255 1170 4264 .

653 4330 686 4379 ut
707 4329 853 4379 testantur
872 4315 915 4394 lrij
937 4312 1055 4376 domini
1177 4395 1183 4404 Ι
