3075 4600
531 322 742 381 „37-

417 466 587 531 maritatam
610 472 711 537 filiam

368 584 407 627 tto
418 572 524 635 Abbas
546 572 689 655 implorat
709 578 824 654 celitus,

415 675 532 739 consilii
554 688 588 739 tt
610 680 733 759 spiritus

414 799 470 843 suo
494 792 641 845 monstret
660 783 835 865 spiramine,

417 882 490 962 quid
512 885 657 965 placitum
680 888 718 951 sit
736 910 837 970 agere.

414 988 485 1049 Hoc
507 989 623 1053 inuenit
643 995 813 1067 consiliunt,

289 1158 292 1165 Ι
364 1106 401 1157 ιιι
414 1094 576 1173 pauperior
597 1109 630 1158 ut
650 1102 809 1179 paruulum

413 1196 606 1261 educandum
628 1203 779 1285 suscipiat,

413 1312 446 1361 vt
467 1302 566 1383 sepius
586 1306 669 1369 hunc
690 1307 802 1383 videat,

412 1404 507 1482 Quod
527 1412 682 1491 conlingat
704 1412 879 1479 hominibus

410 1509 450 1572 de
472 1531 565 1591 puero
585 1518 788 1594 querentibus,
937 1506 942 1511 ⁸

362 1608 825 1684 momommna'

411 1730 500 1781 natus
520 1732 627 1803 tegens
647 1726 759 1789 abdita„

410 1824 476 1885 Nec
499 1825 659 1891 videbatur
679 1832 800 1911 penitus

409 1929 576 2009 quidquam
597 1936 845 2007 conueniendus.

408 2045 442 2095 ιιι
464 2045 494 2095 et
516 2050 665 2101 secretum
684 2040 777 2104 lateat

359 2164 395 2203 tus
410 2148 440 2197 et
460 2158 555 2217 puero
577 2144 751 2225 prospiciat.

408 2240 575 2320 Suuadens,
592 2259 625 2308 vt
641 2248 723 2312 iacto
738 2253 869 2332 prandio

407 2357 438 2408 et
460 2346 618 2412 missarum
641 2355 824 2436 sollempnio

407 2451 550 2515 abbatem
573 2469 680 2538 rogent
701 2462 864 2541 supplices,

406 2567 440 2616 vt
462 2557 602 2638 dignetur
621 2563 678 2625 hos
699 2565 841 2645 humiles,

357 2687 397 2717 ιιι
409 2672 443 2721 vt
463 2665 603 2744 proprios
625 2669 775 2748 respicere

406 2777 438 2828 et
456 2783 680 2833 sacramentum
703 2774 846 2847 tradere„

403 2951 627 3033 Capitulum
650 2958 846 3038 quintum.

404 3084 507 3253 fin
529 3191 628 3254 taliter
647 3195 806 3276 dispositis

402 3292 500 3352 abbas
521 3294 561 3356 de
582 3299 672 3362 rebus
693 3301 800 3380 positis

402 3394 434 3456 in
455 3401 581 3477 capsula
602 3421 673 3467 curn
693 3425 790 3486 puero

352 3524 390 3563 aes
403 3503 524 3579 produx
545 3518 610 3568 erat
631 3508 777 3572 continuo

402 3604 467 3666 auri
488 3627 605 3672 marcas
626 3613 763 3692 geminat
843 3674 845 3677 .
897 3677 903 3683 .

399 3712 571 3789 pauperiori
592 3717 727 3792 traditas,

399 3833 460 3893 quo
483 3821 609 3896 paruulo
631 3821 806 3902 prospiciat,

401 3931 434 3980 ut
455 3923 626 3986 ordinatum
647 3925 751 3989 iuerat.

348 4050 388 4080 ιιι
399 4023 482 4085 Hinc
501 4030 625 4090 terciam
647 4031 841 4108 produxerat,

372 4138 375 4144 '
398 4146 491 4204 quarn
511 4130 594 4191 fratri
614 4134 851 4208 contradiderat,
958 4163 963 4172 ·

399 4240 433 4288 vt
454 4232 520 4307 plus
542 4234 676 4294 studeret
697 4247 809 4314 tegere,
