3075 4600
25 1260 177 1341 Incipit
202 1260 387 1341 prefacio
414 1260 452 1321 in
482 1270 592 1340 gesta
612 1257 787 1339 gregorii
806 1258 1030 1338 peccatoris
1051 1258 1100 1321 sd

26 1365 299 1448 penitenciam
331 1363 597 1427 conuersi.et
628 1364 674 1425 ad
705 1374 888 1442 papatum
915 1362 1098 1443 promoti.

91 1531 293 1692 &Lorium
325 1615 455 1697 principi
487 1615 615 1680 domino
649 1616 799 1678 wlhelmo
830 1610 869 1678 de
899 1616 1099 1681 lunenboreb.

26 1718 205 1805 Amemus]
233 1722 284 1784 dei
310 1721 413 1803 gracia
432 1722 529 1783 abbas
557 1723 597 1784 de
619 1732 727 1785 sancto
754 1721 886 1783 iohanne
910 1721 943 1782 in
966 1722 1100 1801 lyubeka

26 1828 204 1889 oracionem
221 1846 344 1888 suarum
358 1826 550 1888 instanciam.
594 1828 682 1907 Opus
709 1826 796 1907 quod
821 1824 910 1898 nobis
930 1824 1099 1891 iniunxistis

26 1933 65 1993 de
80 1932 235 1994 teutonico
248 1932 408 1992 transferre
422 1929 453 1990 in
463 1928 591 1992 latinum
601 1930 690 1993 nobis
701 1929 773 1992 satis
783 1941 829 1993 est
839 1950 1018 1993 onerosum.
1029 1930 1101 2011 quie

27 2055 115 2113 vsum
134 2035 255 2116 legendi
277 2035 349 2096 talia
369 2054 434 2095 non
463 2036 611 2097 habemus
626 2083 634 2098 .
651 2045 682 2097 et
709 2035 837 2096 modurn
864 2034 1028 2097 locucionis
1056 2035 1100 2097 in·
1210 2065 1215 2071 ·

26 2142 180 2221 cognitum
192 2138 401 2203 formidamus.
430 2140 492 2201 Sed
505 2138 576 2220 qrnia
590 2140 622 2202 id
637 2150 738 2201 vestra
748 2139 846 2220 poscit
855 2139 1003 2201 instancia
1015 2186 1023 2201 .
1035 2159 1100 2203 non

26 2245 193 2308 temeritate
229 2244 285 2306 sed
321 2242 445 2305 caritate
477 2245 567 2308 nobis
602 2246 800 2308 iniunctum.
825 2245 885 2308 deo
917 2256 1101 2328 cooperante

26 2361 206 2431 attemptare
227 2348 445 2430 probabimus.
459 2365 517 2410 nec
539 2349 636 2410 verbo
650 2351 778 2411 verbum
795 2352 961 2413 secundum
974 2363 1101 2432 poetam
1195 2369 1211 2402 .·
1250 2353 1253 2359 '

27 2457 162 2518 curabo.
179 2451 308 2516 reddere
322 2454 401 2515 fidus
416 2453 565 2531 interpret
580 2498 588 2513 .
603 2453 659 2516 sed
678 2453 846 2532 hystoriam
866 2473 996 2534 sequens
1015 2455 1101 2535 quod
1138 2539 1145 2550 ὁ

27 2579 65 2620 ex
95 2557 245 2621 relacione
274 2557 407 2619 veridica
438 2557 571 2618 intellexi
601 2558 644 2619 ad
671 2558 898 2620 edificacionem
926 2559 1099 2622 auditorum
1170 2551 1184 2598 -’

28 2662 197 2743 propulabo
214 2709 220 2723 .
237 2672 268 2724 et
289 2681 336 2723 res
357 2662 383 2723 si
407 2680 468 2741 qua
490 2661 564 2722 mibi
586 2661 706 2724 mistica
727 2662 821 2725 corde
841 2663 939 2727 datur.

178 2878 332 2960 Incipit
351 2883 544 2961 prologus
565 2880 778 2960 sequentis
798 2881 941 2962 operis.

91 3013 235 3184 Zetus
263 3118 303 3179 de
329 3116 542 3197 peceatonbus
564 3114 695 3178 locuturi
720 3116 892 3179 inmensam
917 3129 949 3180 et
968 3119 1099 3181 admire-

26 3219 118 3282 bilem
148 3220 199 3282 dei
227 3221 373 3301 pietatem
398 3220 591 3282 attendamus
613 3266 621 3280 .
644 3221 725 3282 vnde
752 3222 918 3302 psalmistar
966 3223 1100 3286 Domine

28 3325 169 3387 dominus
188 3335 293 3388 noster
312 3343 407 3404 quam
430 3324 608 3387 admirabile
621 3335 669 3386 est
683 3345 797 3388 nomen
809 3338 895 3388 tuum
909 3326 941 3388 in
957 3327 1100 3391 vniuerse'

27 3440 116 3491 terra.
153 3430 344 3491 Admirabile
364 3428 436 3491 dieo
457 3428 660 3502 miseracione¹
677 3441 708 3492 et
728 3431 932 3493 misericordis
951 3433 1005 3512 qui
1025 3452 1100 3514 sepe

27 3533 109 3611 ipsos
130 3553 208 3614 qnos
230 3533 380 3595 advitam
400 3533 617 3612 predestinauit
637 3580 647 3598 .
669 3534 814 3597 inmensis
835 3537 997 3598 sceleribus
1012 3537 1099 3617 inpli-

27 3636 88 3699 cari
116 3637 262 3719 permittit
284 3649 341 3700 .vt
368 3639 519 3717 inpleatur
545 3640 620 3700 illud
649 3640 811 3719 apostoli.
833 3640 885 3701 ubi
911 3641 1101 3703 habundauit

27 3755 187 3821 peccatum
202 3789 212 3805 .
228 3743 508 3822 superhabundauit
522 3755 554 3806 et
566 3743 679 3824 gracia.
709 3745 781 3825 Ipse
802 3743 883 3806 enim
904 3746 965 3808 hoc
977 3745 1009 3808 in
1026 3758 1100 3809 tens·

27 3867 101 3925 pore
130 3848 389 3929 omnipotentiam
413 3867 500 3910 snam
531 3849 687 3929 parcendo
715 3847 847 3911 maxime
873 3861 905 3912 et
925 3848 1099 3914 miserando

28 3953 201 4016 manifestat
218 4000 225 4016 .
242 3964 277 4014 vt
298 3953 440 4015 seductor
461 3954 611 4032 malignus
631 3953 685 4034 qui
699 3973 732 4017 se
748 3953 1099 4021 creditcircumuenire.
1180 3985 1183 3988 ⁴

26 4056 301 4121 circumuentam.
319 4069 350 4121 et
373 4077 465 4138 quem
486 4059 549 4120 iam
569 4059 789 4125 absorbuerat.
804 4060 843 4121 de
863 4061 1015 4139 perforate
1035 4058 1100 4122 eius

10 4162 148 4250 lmaxilla
169 4162 314 4225 diuinitus
334 4163 467 4243 rapiatur
488 4163 620 4224 Cessent
639 4162 779 4242 nequicie
793 4209 802 4226 .
816 4163 860 4225 sic
874 4183 929 4256 ars
950 4163 1100 4226 deluditur

77 4269 273 4314 punctulo
290 4268 387 4314 Amoldi
396 4269 482 4314 Lubet.
496 4268 627 4324 Gregorius.
873 4265 878 4272 ’
915 4276 929 4316 t

788 4364 808 4403 x
