3075 4600
801 264 842 275 ..
886 223 1009 307 μ’..

631 397 682 457 Nil
702 398 741 459 de
763 416 818 459 suo
837 401 1011 479 flammine

631 500 705 562 mihi
726 514 846 565 constat
865 506 914 567 uel
933 509 1069 585 pondere

583 632 621 661 m
632 616 741 684 preter,
762 609 846 686 quod
865 610 947 671 bunc
966 622 998 673 et
1017 612 1120 675 animo

631 721 663 773 et
683 721 753 772 actu
774 713 866 774 letum
886 714 985 777 video.

630 813 751 877 Fruitur
770 816 885 896 deliciis

570 969 574 975 ,
631 917 780 983 iocundus
801 933 846 984 est
866 943 935 985 cum
957 925 1047 987 sociis

631 1024 798 1087 delectatur
817 1038 847 1089 et
866 1028 962 1107 epulis

584 1156 620 1194 ns
634 1130 815 1192 venancium
835 1146 867 1194 et
886 1134 1001 1212 studija

632 1235 709 1295 Sunt
730 1244 761 1297 et
781 1235 809 1297 ei
830 1236 938 1299 diuicie

631 1338 843 1402 habundantes
863 1361 926 1403 nou
947 1342 1079 1415 minime.

631 1453 663 1503 et
683 1444 810 1505 omnino
830 1464 897 1505 sum
917 1447 1030 1522 nescia,

638 1565 700 1625 qua
720 1558 832 1629 teratur
851 1550 996 1612 mesticia
1023 1620 1028 1627 ,

583 1678 621 1716 120
634 1650 703 1726 Que
724 1654 836 1731 gaudet
856 1652 953 1733 magis
972 1657 1134 1735 splendido

634 1754 744 1817 marito
765 1775 828 1817 nou
848 1757 982 1833 inuideo‚

630 1858 720 1921 istum
743 1860 817 1921 mihi
836 1862 1031 1941 spectabilem

631 1982 697 2025 sors
717 1964 802 2027 dedit
822 1978 853 2032 et
873 1968 1042 2031 amabilem

632 2069 692 2131 Sed
714 2069 777 2131 iam
797 2090 879 2132 nunc
899 2091 1018 2135 merens
1038 2078 1149 2149 reooto,

583 2200 620 2239 ις,
633 2175 717 2252 quod
739 2174 812 2236 nulli
832 2194 965 2255 unquam
986 2180 1097 2257 gaudio

635 2277 754 2341 fruebar
774 2281 814 2342 de
833 2280 990 2361 preteritis,

634 2385 689 2445 seu
709 2385 796 2447 istim
817 2370 866 2447 me
887 2389 1030 2466 temporis

632 2486 801 2550 iocunditas
819 2490 987 2564 inuenerat,

633 2595 718 2672 quod
738 2594 789 2656 bic
808 2595 933 2657 dssectus
954 2598 1074 2659 fecerat„

584 2725 622 2762 ¹⁴0
634 2699 673 2759 Et
693 2709 739 2760 est
760 2718 840 2761 nunc
860 2701 950 2763 valde
971 2701 1134 2782 stupidum,

634 2822 694 2881 que
714 2804 796 2864 huuc
815 2803 912 2866 virum
932 2817 997 2866 tem
1017 2806 1151 2868 validum

634 2909 723 2985 eulpa
744 2918 860 2986 premat
879 2920 944 2971 tem
966 2909 1085 2982 misera.

634 3023 668 3072 vt
688 3022 721 3072 tu
739 3012 857 3093 testaris
875 3011 978 3092 impia

636 3116 727 3177 Nunc
748 3127 801 3177 tuo
822 3135 872 3180 me
892 3117 1027 3191 consilio,

585 3248 622 3286 ις,
636 3231 670 3280 vt
690 3220 856 3283 consoleris
877 3223 1013 3297 obsecro,

634 3323 719 3402 quod
740 3324 783 3385 ite
803 3325 878 3386 mibi
898 3337 1000 3405 pateat

635 3429 694 3490 bec
714 3447 762 3491 res
782 3441 815 3491 vt
835 3429 932 3509 ipsum
948 3433 1050 3495 lateat

635 3532 668 3594 Si
689 3552 800 3613 cepero
820 3535 990 3615 perquirere

638 3638 720 3698 hunc
741 3637 833 3701 timeo
853 3641 1016 3715 offendere,

586 3769 625 3808 ιςο
636 3743 691 3803 sed
712 3762 775 3804 nou
794 3744 918 3823 negabit
936 3745 1064 3824 periura,

641 3845 667 3907 ai
687 3845 762 3925 quid
783 3867 877 3927 quero
897 3848 1075 3926 insanum

637 3951 693 4012 red
715 3951 855 4013 dilectum
875 3954 1030 4029 offendere

637 4067 684 4115 est
702 4065 737 4115 vt
756 4056 837 4118 banc
856 4055 955 4120 luceia
975 4061 1112 4139 perdere.

638 4158 671 4219 st
692 4169 843 4222 constaret
858 4162 940 4224 bunc
959 4162 1061 4243 aliquo
1102 4195 1108 4208 ·
